2580 4402
425 232 648 286 ereremum
666 234 708 300 (v,
725 239 753 300 a)

93 403 226 484 Fidaque
248 414 385 484 suggesta
409 413 503 468 castra
526 414 648 466 coronat
669 407 769 468 humo.

53 489 130 562 Ouid
152 497 216 551 tum
240 490 332 551 Roma
354 489 420 565 luit,
445 490 565 552 tubicen
588 491 682 553 vicina
706 490 821 554 Curetis

95 573 169 637 Cum
192 582 327 654 quateret
348 575 428 636 lento
450 594 604 638 murmure
626 595 692 637 saxa
715 577 801 653 lovis,

54 662 151 740 Atque
172 659 224 720 ubi
247 679 328 721 nunc
349 661 437 722 terris
460 661 600 722 dicuntur
621 661 685 722 iura
707 662 844 736 subactis

96 745 220 807 Stabant
240 745 374 806 Romano
397 745 455 826 pila
478 746 586 808 Sabina
607 744 697 807 lero?

54 831 159 892 llurus
182 838 267 891 erant
287 838 419 891 montes:
444 831 494 892 ubi
518 842 601 892 nunc
624 841 669 893 est
690 833 770 893 curia
793 841 902 913 saepta,

96 914 226 976 Bellicus
248 934 284 976 ex
305 915 355 977 illo
379 917 460 977 lente
483 916 600 978 bibebat
623 935 727 996 equus

56 999 134 1062 llinc
155 1000 281 1081 'larpeia
304 1001 375 1061 deae
396 1001 509 1062 lentem
530 1001 643 1063 libavit:
667 1013 696 1062 et
717 1002 759 1063 illi

97 1085 228 1164 Urgebat
248 1086 378 1146 medium
399 1085 498 1148 fictilis
521 1105 595 1148 urna
618 1097 715 1166 caput.

57 1170 93 1232 Et
116 1169 186 1231 satis
208 1189 267 1231 una
289 1171 382 1232 malae
404 1172 502 1249 potuit
522 1190 603 1232 mers
626 1191 692 1233 esse
713 1172 838 1251 puellae,

99 1255 181 1326 Quae
203 1255 295 1317 voluit
316 1256 447 1316 flammas
470 1256 580 1331 fallere,
604 1257 700 1327 Vesta,
723 1255 809 1318 tuas?

57 1338 135 1402 Vidit
156 1340 289 1401 arenosis
311 1339 427 1402 Tatium
449 1341 607 1421 proludere
629 1341 740 1420 campis

98 1425 241 1504 Pictaque
262 1444 318 1505 per
337 1426 425 1487 flavas
446 1445 525 1487 arma
548 1426 644 1487 levare
666 1427 763 1487 iubas:

60 1510 221 1589 Obstupuit
243 1510 321 1588 regis
342 1511 416 1572 laeie
439 1521 467 1571 et
491 1511 638 1590 regalibus
660 1511 758 1588 armis,
857 1530 860 1535 ·

99 1595 241 1674 Interque
262 1595 367 1657 oblitas
389 1596 496 1658 excidit
518 1615 591 1658 urna
615 1615 729 1658 manus.

59 1681 153 1759 Saepe
175 1681 223 1741 illa
246 1681 399 1742 inmeritae
422 1690 536 1743 causata
559 1689 604 1743 est
625 1684 722 1743 omina
744 1681 841 1756 lunae,

100 1766 139 1828 Et
161 1765 216 1826 sibi
239 1765 416 1844 tinguendas
439 1767 511 1827 dixit
532 1767 562 1827 in
586 1786 672 1828 amne
695 1785 808 1828 comas:

61 1851 156 1930 Saepe
178 1851 246 1911 tulit
266 1851 381 1912 blandis
404 1862 542 1930 argentea
564 1852 623 1913 lilia
645 1852 799 1932 Nymphis,

100 1935 226 1996 Romula
250 1956 286 1997 ne
309 1937 411 1997 laciem
434 1937 562 1998 laederet
584 1937 665 1998 hasta
687 1937 766 1998 'latit

58 2020 195 2099 Dumque
216 2021 296 2082 subit
317 2021 413 2100 primo
437 2019 576 2101 Capitolia
599 2022 699 2083 nubila
723 2025 813 2095 lumo,

101 2105 225 2167 Rettulit
245 2105 368 2167 hirsutis
390 2106 527 2168 bracchia
549 2117 627 2168 secta
649 2107 742 2182 rubis,

58 2190 97 2253 Et
118 2209 172 2253 sua
194 2190 317 2271 Tarpeia
339 2191 473 2252 residens
495 2192 533 2252 ita
555 2192 634 2253 llevit
656 2192 691 2252 ab
718 2209 784 2252 arce

102 2275 240 2349 Volnera,
263 2276 359 2337 ricino
383 2296 444 2337 non
467 2277 603 2356 patienda
625 2277 701 2337 leri:

60 2360 158 2441 ‘lgnes
182 2369 344 2422 castrorum
369 2369 398 2421 et
420 2361 519 2422 Tatiae
541 2362 687 2440 praetoria
711 2371 824 2423 turmae

103 2445 141 2507 Et
162 2446 291 2507 formosa
315 2446 409 2507 oculis
432 2465 511 2507 arma
534 2447 640 2508 Sabina
664 2447 746 2518 meis,

61 2529 86 2591 0
110 2529 223 2593 utinam
245 2531 280 2592 ad
303 2540 415 2592 vestros
438 2532 554 2592 sedeam
577 2532 688 2610 captiva
709 2532 844 2606 Penates,

103 2614 180 2677 Dum
203 2615 314 2696 captiva
337 2617 395 2677 mei
418 2617 574 2696 conspicer
597 2636 648 2678 ora
670 2616 744 2677 Tati.
763 2678 766 2683 ,

61 2700 186 2762 Romani
208 2709 325 2762 montes
348 2709 376 2763 et
398 2703 548 2762 montibus
571 2702 665 2762 addita
688 2701 780 2760 Roma

103 2785 141 2847 Et
162 2786 254 2848 valeat
275 2786 385 2866 prcbrc
408 2786 492 2847 Vesta
515 2786 652 2866 pudenda
676 2805 751 2847 mea.

95 2956 120 3007 9.
152 2953 243 3020 Cures]
273 2954 314 3005 ein
342 2953 495 3006 Einwcbner
524 2970 574 3006 ven
609 2954 714 3006 latius
733 2970 818 3006 senex.

61 3022 149 3086 Cures,
166 3021 212 3074 der
229 3022 383 3088 llauptstadt
401 3021 445 3072 der
463 3021 575 3074 Sabiner.
661 3025 701 3074 22.
722 3023 823 3073 eccidit
839 3023 921 3086 arna]
946 3037 992 3072 ror
1010 3020 1135 3083 Steunen;

100 3093 138 3141 l3.
162 3090 265 3156 acepta]
290 3105 341 3141 von
364 3089 466 3141 Manem
490 3090 575 3156 einge-
626 3091 728 3142 ibrilicb
746 3090 801 3141 Tib.
820 3089 864 3142 Νι.
882 3089 922 3152 ΧΙ,
937 3092 983 3141 3⁸.

61 3157 227 3210 scblcssen.-
275 3218 279 3223 Ι
660 3161 723 3210 23s.
742 3156 1064 3221 ominaluna01'lriume;
1078 3157 1137 3207 Wa-

98 3229 139 3278 15.
159 3225 233 3291 deae]
252 3223 297 3277 der
315 3225 404 3289 Vesta,
423 3225 499 3278 deren
518 3224 574 3278 Die·
626 3227 756 3291 schungen
776 3225 869 3276 sollten
887 3224 1053 3290 verbindern,
1078 3224 1137 3276 dcss

62 3293 135 3346 nerin
153 3292 262 3360 Tarpeia
281 3307 344 3345 war.
625 3295 663 3346 sie
692 3295 717 3343 in
744 3293 876 3358 Erlbllung
906 3293 1023 3360 giengen.
1067 3293 1137 3344 Luna

100 3364 139 3415 16.
158 3361 217 3428 Vgl.
235 3360 300 3413 0vid
318 3361 376 3412 last.
394 3364 495 3427 3,13s.
514 3364 575 3426 (van
626 3360 727 3413 scbiclxt
740 3360 919 3422 alleTrinme3
938 3359 1021 3413 Tibull
1037 3361 1077 3425 ill,
1087 3364 1137 3427 4,9

62 3428 109 3483 der
125 3428 239 3482 Vestalin
257 3429 326 3494 llia):
348 3436 453 3481 ventum
472 3436 526 3482 erat
544 3431 575 3481 ad
626 3435 707 3481 neunt
725 3429 853 3481 dieselben
872 3430 957 3481 nmine
976 3430 1066 3482 noctis,

61 3496 134 3548 melli
152 3497 277 3549 declivem
295 3498 395 3548 tramite
412 3498 507 3563 ripam:
530 3514 576 3564 po·
661 3500 703 3549 27.
724 3497 811 3564 famo]
836 3497 929 3558 Nebel;
956 3498 1050 3551 ebenso
1074 3497 1138 3550 Orid

62 3565 131 3616 nitur
149 3581 164 3617 e
181 3580 281 3617 summa
297 3564 384 3617 fictilis
396 3580 458 3618 urna
476 3581 557 3619 coma.
625 3571 685 3617 met.
706 3569 727 3631 1,
747 3569 804 3619 570.

100 3637 141 3686 17.
152 3632 277 3700 Turpcja,
284 3632 325 3684 die
334 3633 577 3700 alsVestalinewige
662 3637 703 3686 30.
721 3634 834 3701 luppiter
850 3634 921 3686 hatte
943 3634 995 3699 sie,
1019 3635 1060 3687 die
1077 3636 1139 3686 Ver·

62 3698 219 3753 llensclrbeit
227 3701 316 3768 gelabt
328 3703 405 3763 hatte,
417 3703 488 3754 ward
497 3703 576 3754 seben
628 3702 756 3767 wundete,
765 3702 811 3753 mil
821 3702 891 3755 ibren
900 3703 1138 3756 verbrecberisclren

64 3767 176 3821 dadurclr
195 3769 317 3834 stralbar,
341 3769 399 3822 dass
421 3771 458 3822 sie
479 3770 532 3823 sich
550 3772 576 3822 in
627 3771 723 3822 Placen
750 3785 795 3838 gar
822 3771 893 3824 nicht
915 3771 940 3822 in
963 3773 1046 3824 seiner
1068 3771 1140 3823 Naue

65 3832 156 3888 'latius
173 3837 304 3890 verliebte.
629 3838 721 3890 dulden
741 3839 829 3892 sollen.

102 3908 142 3958 19.
160 3904 206 3958 Bel
216 3905 303 3973 Vergil
313 3905 376 3959 Aen.
395 3908 419 3972 8,
430 3909 479 3961 638
497 3907 577 3961 heisst
664 3909 705 3960 32.
723 3907 809 3959 oculis
826 3909 901 3975 mais]
915 3935 948 3954 =
960 3907 1029 3961 mibi.
