2580 4402
396 226 571 283 rnornnru
588 229 633 282 vn
650 231 679 298 p,
701 232 732 299 1).
751 231 805 284 vm
822 231 849 298 u,
869 234 895 298 e)
1119 233 1180 293 105

115 456 124 469 ,
147 397 240 460 Posse
263 398 401 479 Cytaines
423 399 532 462 ducere
555 402 745 465 carminibus.

103 484 164 545 Aut
185 502 247 559 vos,
271 485 322 564 qni
345 503 412 546 sero
435 485 550 566 lapsum
573 489 725 562 revocatis,
748 490 844 568 amici,
1151 503 1183 555 25

147 568 287 640 Quaerite
310 588 372 630 non
395 570 459 632 sani
482 573 612 651 pectoris
634 573 751 635 auxilia.

103 653 234 725 Fortiter
256 663 285 716 et
307 654 430 732 ferrum,
453 674 554 717 saevos
576 658 723 737 patiemur
745 667 774 720 et
796 658 889 735 ignes.

146 738 194 799 Sit
215 739 304 800 modo
327 738 447 801 libertas
470 759 545 820 quae
567 742 636 803 velit
658 745 701 805 ira
724 743 817 822 loqui.

103 823 193 885 Ferte
214 842 270 905 per
292 833 435 887 extremas
457 833 561 905 gentes
584 838 613 889 et
635 829 708 890 lerte
732 847 786 909 per
807 828 911 903 undas,

148 907 213 980 Qua
236 927 296 971 non
318 909 378 972 ulla
400 929 500 972 meum
522 912 632 974 femina
655 913 735 974 norit
757 914 821 975 iter.

104 991 164 1054 Vos
187 1001 346 1070 remanete,
370 995 479 1074 quibus
503 996 579 1057 sacili
601 997 674 1059 deus
697 998 800 1060 adnuit
822 1015 903 1074 aure,

148 1078 219 1140 Sitis
242 1079 322 1140 etin
345 1086 410 1141 tuto
433 1098 550 1160 semper
571 1101 670 1144 amore
693 1101 800 1163 pares·

105 1163 139 1224 ln
162 1181 211 1224 me
233 1172 334 1225 nostra
357 1164 457 1226 Venus
480 1174 583 1227 noctes
606 1177 722 1229 exercet
743 1186 866 1242 amaras,

148 1248 186 1311 Et
209 1248 292 1310 nullo
316 1268 426 1312 vacuus
449 1258 582 1331 tempore
605 1253 675 1315 detit
696 1271 788 1314 amor.

106 1331 182 1410 Hoc,
204 1352 322 1410 moneo,
345 1335 431 1398 vitate
453 1336 577 1396 malum:
602 1356 654 1398 sua
678 1356 826 1418 quemque
849 1344 981 1398 moretur
1152 1347 1183 1398 35

150 1417 235 1490 Cura,
259 1438 357 1500 neque
380 1421 502 1482 adsueto
524 1430 618 1483 mutet
640 1441 739 1484 amore
761 1423 870 1484 locum.

107 1502 193 1574 Quod
216 1504 309 1583 siquis
331 1505 452 1567 monitis
474 1506 571 1568 tardas
593 1508 749 1569 adverterit
772 1526 867 1583 auree,

149 1587 214 1649 Heu
238 1591 348 1653 referet
370 1598 481 1670 quanto
505 1590 591 1653 verba
614 1592 715 1653 dolore
737 1592 818 1654 meai

486 1810 537 1871 Nr.
560 1810 625 1872 Vlll
647 1814 686 1889 (o.
712 1815 739 1884 1,
764 1814 805 1888 6).

105 1910 172 1972 Non
196 1928 252 1989 ego
275 1929 356 1972 nunc
378 1911 503 1973 Hadriae
526 1930 630 1973 vereor
651 1931 732 1974 mare
754 1930 879 1974 noscere
901 1922 1009 1988 tecum,

149 1993 245 2071 Tulle,
270 2015 367 2076 neque
390 1996 505 2076 Aegaeo
529 1997 638 2059 ducere
659 1997 721 2059 vela
743 1999 815 2073 salo,

105 2127 186 2191 nach;
204 2128 258 2196 vgl.
273 2128 326 2194 l,4,
339 2134 350 2182 1
361 2145 394 2182 s.:
415 2129 475 2196 quid
488 2129 550 2180 mihi
568 2134 620 2183 tam
671 2131 769 2182 tiuntur
787 2132 812 2180 et
829 2128 915 2194 ignes;
940 2127 988 2180 fert
1013 2127 1069 2180 aliis
1087 2130 1186 2181 tristem

103 2198 200 2249 multas
212 2196 349 2263 laudando,
361 2197 448 2258 Basse,
456 2198 557 2264 puellas
566 2215 621 2250 mu·
672 2214 750 2251 sucus
768 2211 867 2248 amarus
885 2210 969 2262 opem.

105 2270 188 2317 tatum
206 2264 308 2317 domina
321 2266 392 2334 cogis
405 2266 475 2318 abire
487 2268 560 2318 mea‘l
578 2282 620 2318 wo
707 2270 748 2319 31.
774 2263 899 2316 Verbinde
924 2263 987 2316 deus
1013 2264 1081 2315 facili
1111 2280 1185 2318 aure:

105 2348 152 2385 aus
169 2332 233 2385 mihi
250 2349 290 2385 me
309 2350 340 2384 zu
355 2337 479 2401 erginzcn
493 2335 534 2386 ist.
555 2333 621 2386 Ovid
672 2334 721 2384 abl.
739 2332 822 2393 mndi;
840 2333 885 2384 der
897 2331 966 2397 Gott,
984 2331 1029 2384 der
1041 2332 1089 2384 den
1100 2332 1187 2385 Bitten

104 2403 296 2466 1111211991.
316 2405 374 2469 sagt
391 2418 442 2454 von
461 2402 505 2453 der
516 2401 619 2454 Medea:
671 2400 847 2469 willigGehdr
865 2399 986 2462 schenlct3
1007 2401 1125 2466 vglflor.
1136 2406 1186 2454 sat.

105 2484 164 2521 cum
182 2469 268 2531 volui,
285 2468 347 2535 ripis
365 2470 514 2522 mirantibus
533 2486 620 2523 amnes
671 2470 690 2531 l,
705 2473 726 2535 1,
739 2474 771 2521 20
782 2485 830 2522 ss.:
849 2467 910 2534 quid
929 2482 1020 2519 causae
1037 2471 1083 2534 est,
1096 2469 1186 2520 merito

103 2537 131 2589 in
149 2536 234 2589 lentes
251 2536 348 2589 rediere
366 2554 427 2590 suos
446 2542 505 2600 ete.;
529 2538 585 2589 Tib.
603 2538 621 2603 l,
674 2538 734 2605 quin
747 2538 798 2589 illis
809 2536 921 2602 luppiter
937 2535 1023 2587 ambas
1035 2536 1114 2588 iratus
1126 2537 1186 2588 buc-

105 2608 130 2669 2,
139 2608 173 2659 43
183 2621 219 2657 s.:
239 2604 305 2657 hanc
323 2621 371 2672 ego
390 2605 422 2658 de
439 2607 509 2658 eaelo
528 2606 621 2658 ducen-
673 2621 715 2657 cas
734 2606 805 2656 inflet
818 2618 899 2671 neque
913 2618 940 2655 se
952 2603 1122 2670 foreposthac
1135 2608 1187 2656 tam

105 2677 158 2725 tem
167 2672 251 2725 sidera
264 2672 325 2738 vidi,
343 2674 453 2726 fluminis
465 2674 527 2726 haec
540 2674 621 2742 rapidi
672 2671 1189 2739 facilemdicat,votisntpraebeataurem?

106 2741 219 2794 carmine
235 2741 313 2793 vertit
337 2741 397 2803 iter;
421 2742 494 2810 Verg.
513 2743 576 2794 Aen.
596 2746 621 2808 4,
707 2744 748 2794 32.
765 2744 854 2808 poree]
880 2740 1009 2806 gliiclilich
1031 2741 1187 2794 verbunden.

105 2812 156 2863 189
166 2825 202 2862 ss.
706 2812 748 2862 33.
767 2814 860 2860 nostra
880 2807 980 2872 Venus]
998 2809 1032 2860 im
1045 2810 1080 2861 Ge
1100 2813 1189 2861 ensetz

140 2880 182 2931 24.
203 2875 324 2944 optatae]
342 2901 376 2922 =
392 2876 495 2941 Medea,
523 2893 553 2929 so
577 2892 620 2943 ge·
672 2893 704 2929 zu
722 2893 783 2930 vos:
802 2877 849 2942 ihr,
868 2875 908 2928 die
921 2877 961 2927 ihr
979 2876 1089 2944 gliiclslic
1117 2877 1187 2928 licbt.

104 2950 188 2998 neunt
197 2961 248 2997 von
257 2940 374 3010 Κύταια,
387 2945 437 2996 wie
447 2944 547 2996 Colchis
557 2945 623 2997 diter
709 2943 827 3013 omarus]
837 2971 870 2990 =
879 2943 982 3011 πικρός.

104 3014 131 3065 in
150 3013 196 3065 der
213 3012 441 3080 Argonautensage
459 3011 547 3064 heisst.
709 3017 749 3066 34.
768 3015 879 3074 vacuus]
898 3010 1067 3078 proleptisch3
1092 3012 1187 3064 ebenso

142 3079 250 3149 ducere]
269 3081 361 3148 gehdrt
378 3079 514 3147 cigentlich
528 3097 576 3132 nur
590 3097 622 3132 zu
674 3082 693 3145 l,
712 3085 753 3147 20,
772 3086 801 3134 2ι
827 3080 852 3131 11
871 3081 917 3130 tibi
940 3093 973 3130 ne
990 3093 1072 3130 vacuo
1091 3078 1187 3131 delluat

105 3148 203 3209 sideru
222 3163 268 3200 aus
285 3148 381 3200 diesem
405 3148 496 3200 ducere
510 3173 544 3192 =
557 3148 623 3200 nach
675 3165 706 3201 ex
724 3149 817 3201 animo.

107 3216 227 3269 Belieben
245 3215 338 3269 lenlren
357 3215 409 3267 und
427 3216 520 3280 leiten,
539 3217 572 3268 ist
590 3232 622 3268 zu
655 3273 658 3277 ,
708 3215 795 3271 v111.
820 3215 868 3266 ller
885 3213 988 3266 Dichter
1005 3214 1125 3266 wiinscht
1142 3215 1189 3265 mit

106 3300 194 3338 amnes
214 3289 280 3336 etwe
299 3287 399 3336 vertere
417 3301 448 3335 zu
467 3287 599 3352 erg'a'nzen.
675 3285 770 3337 diesem
781 3282 888 3335 Gedicht
906 3282 1001 3333 seinem
1020 3282 1118 3333 Freund
1129 3282 1188 3333 Tul·

140 3356 183 3405 25.
202 3356 246 3404 aut
258 3368 313 3415 vos,
333 3368 431 3420 megae,
448 3356 559 3404 mentem
577 3353 621 3405 do·
672 3353 721 3415 lus,
741 3351 785 3403 der
803 3352 867 3402 eben
876 3350 910 3400 im
920 3349 1019 3416 Begriff
1032 3350 1065 3401 ist
1078 3351 1124 3401 mit
1141 3350 1190 3402 sei-

104 3421 191 3473 minae
208 3421 364 3486 convertite,
388 3426 431 3473 aut
455 3437 516 3486 vos,
538 3421 622 3488 amici,
674 3435 732 3471 nem
751 3419 838 3471 Oheim
861 3417 925 3470 nach
944 3417 1087 3470 Kleinasien
1111 3419 1188 3470 abnu-

106 3489 222 3556 quacrite
247 3489 340 3540 auxilia
365 3494 413 3541 etc.
453 3505 513 3540 sero
531 3489 622 3557 gehort
674 3489 765 3553 reisen,
784 3486 927 3555 gldckliche
945 3485 1029 3538 Fahrt.
1059 3486 1092 3537 Er
1109 3488 1189 3540 selbst

105 3572 138 3610 an
155 3560 295 3610 revocaret.
674 3556 759 3608 misse
784 3556 810 3607 in
828 3555 892 3606 Rom
918 3553 1128 3620 zurdckbleihen,
1146 3570 1189 3606 wo

141 3628 182 3679 26.
201 3641 257 3677 non
274 3628 346 3688 aaut]
365 3624 535 3677 liebeskrank.
674 3623 715 3676 die
733 3623 809 3675 Liebe
832 3638 877 3674 zur
894 3622 1003 3690 Cynthia
1025 3623 1068 3674 ilm
1087 3623 1188 3675 iessele.

142 3696 186 3748 27.
204 3693 309 3756 ferrum
320 3694 440 3759 eligeres]
459 3692 568 3760 τέμνειν
576 3690 622 3743 καὶ
674 3692 730 3744 Von
746 3707 837 3743 neuem
848 3706 900 3741 von
918 3691 957 3741 ihr
975 3691 1082 3759 besiegt,
1100 3692 1145 3743 hat
1162 3705 1191 3741 er

106 3760 203 3825 καίειν,
228 3761 270 3814 die
293 3761 460 3814 beliebtesten
484 3760 624 3813 Heilmittel
675 3759 715 3811 die
733 3760 759 3811 in
778 3759 821 3811 Nr.
839 3758 882 3810 Vll
901 3760 1121 3827 ausgesprochene
1138 3758 1190 3808 Ab·

106 3829 152 3881 der
169 3829 338 3890 Wu'nddrzte3
356 3830 408 3895 vgl.
427 3828 492 3880 Ovid
510 3829 563 3880 her.
585 3830 623 3893 19,
675 3828 742 3880 sicht
759 3828 823 3879 Rom
843 3843 874 3879 zu
897 3829 1026 3880 verlassen
1052 3826 1111 3878 bald
1130 3826 1190 3877 wie·

111 3899 159 3951 183
169 3913 206 3951 s.:
224 3901 254 3950 ut
268 3897 379 3965 valeant,
397 3897 462 3949 aliae
474 3897 566 3949 terrum
579 3910 624 3965 pa·
676 3896 721 3948 der
739 3895 909 3963 ausgegeben.
