2580 4402
165 230 206 290 64
569 231 692 284 utuntur
710 232 733 283 v
751 232 788 297 (u,
809 235 832 297 t)

208 405 324 466 Primus
347 404 498 483 inexperta
522 403 604 464 duxit
625 402 661 465 ab
683 411 745 476 arte
768 404 883 464 choros.

166 491 242 552 Huic
265 490 349 552 datus
370 507 386 549 a
409 489 509 568 pleno,
532 488 720 549 memorabile
741 506 860 563 munus,
885 487 952 550 ovili

208 575 273 636 Dux
295 574 411 654 pecoris
433 573 543 649 hircus,
566 581 685 634 auxerat
707 572 807 633 hircus
830 592 906 633 oves.

165 660 246 721 Rure
267 678 343 739 puer
363 677 453 718 verno
476 659 603 736 primum
627 657 663 718 de
684 659 757 718 llore
780 676 917 718 coronam

208 746 289 806 Fecit
313 752 343 805 et
363 743 492 821 antiquis
515 743 648 823 inposuit
669 742 801 803 Laribus.

166 829 247 890 Rure
271 829 356 889 etiam
378 828 488 888 teneris
511 847 611 889 curam
634 827 797 889 exhibitura
819 827 925 907 puellis

208 914 296 975 llolle
318 913 393 993 gerit
413 921 496 990 tergo
519 912 615 973 lucida
636 911 728 973 vellus
751 912 822 973 ovis.

167 999 243 1060 llinc
266 1007 295 1061 et
316 998 462 1060 semineus
485 997 567 1057 labor
589 1005 642 1072 est,
665 997 736 1057 binc
758 1015 850 1077 pensa
872 997 1023 1074 colusque,

209 1085 306 1144 Fusus
329 1091 358 1143 et
379 1081 513 1161 adposito
535 1082 642 1162 pollice
664 1090 759 1143 versat
781 1101 871 1162 opus:

168 1172 263 1248 Atque
286 1168 382 1247 aliqua
406 1166 542 1227 adsiduae
564 1167 670 1227 textrix
693 1177 811 1245 operata
832 1166 979 1227 Minervae

211 1254 322 1328 Cantat,
346 1259 374 1313 et
397 1251 537 1330 adplauso
560 1252 616 1313 tela
639 1261 725 1314 sonat
746 1251 846 1312 latere.

168 1338 234 1416 lpse
256 1338 393 1416 interque
416 1354 520 1414 greges
543 1337 679 1415 interque
702 1344 832 1398 armenta
857 1335 970 1414 Cupido

209 1423 300 1484 Natus
324 1429 352 1484 et
375 1421 530 1482 indomitas
553 1421 660 1483 dicitur
682 1422 761 1483 inter
783 1439 883 1500 equas.

167 1507 231 1568 lllic
253 1507 370 1568 indocto
393 1507 520 1586 primum
543 1525 574 1568 se
598 1507 730 1568 exercuit
751 1525 835 1566 arcu:

210 1592 265 1653 Hei
287 1591 369 1665 mihi,
393 1610 479 1670 quam
503 1591 603 1652 doctas
625 1610 707 1652 nunc
728 1590 816 1651 babet
838 1590 886 1651 ille
909 1588 1031 1650 manusl

167 1678 228 1738 Nec
250 1676 389 1757 pecudes,
412 1675 491 1737 velut
513 1687 589 1751 ante,
613 1677 700 1754 petit:
724 1676 822 1736 fixisse
844 1674 957 1754 puellas

211 1761 305 1823 Gestit
327 1772 356 1822 et
378 1760 502 1821 audaces
524 1760 726 1839 perdomuisse
749 1761 836 1821 viros.

170 1847 213 1907 lh
237 1847 346 1920 miseri,
370 1864 445 1923 quos
467 1845 516 1904 hic
539 1846 662 1923 graviter
685 1846 756 1906 deus
779 1845 879 1924 urgetl
903 1851 932 1905 at
953 1844 1002 1904 ille

211 1931 302 2006 Felix,
325 1930 372 1991 cui
396 1929 529 2010 placidus
552 1930 658 1992 leniter
681 1932 766 1992 adllat
789 1933 887 1990 Amor.

100 2079 105 2087 ,
169 2018 286 2092 Sancte,
307 2015 374 2075 veni
398 2015 521 2094 dapibus
544 2016 635 2092 sestis,
659 2016 709 2076 sed
732 2034 811 2094 pone
833 2015 951 2092 sagittas

212 2102 250 2162 Et
271 2100 375 2180 procul
400 2099 536 2161 ardentes
558 2101 629 2161 hinc
651 2120 759 2180 precor
780 2100 853 2160 abde
875 2100 962 2159 laces.

168 2187 227 2246 Vos
250 2185 395 2247 celebrem
418 2194 531 2245 cantate
553 2185 640 2247 deum
663 2185 823 2265 pecorique
846 2193 945 2244 vocate

213 2271 305 2331 Voce:
329 2269 423 2349 palam
446 2270 556 2349 pecori,
581 2271 652 2331 clam
676 2270 732 2331 sibi
756 2271 882 2349 quisque
904 2275 996 2328 vocet.

170 2359 227 2416 Aut
250 2355 335 2416 etiam
359 2354 414 2415 sibi
439 2356 564 2433 quisque
586 2357 695 2433 palam:
720 2373 787 2415 nam
811 2353 896 2414 turba
918 2353 1016 2413 iocosa

213 2440 365 2519 Obstrepit
388 2448 416 2500 et
438 2438 565 2519 Phrygio
588 2440 659 2500 tibia
683 2458 770 2500 curva
793 2458 877 2500 sono.

170 2525 290 2587 Ludite:
315 2526 370 2585 iam
390 2523 454 2584 Nox
475 2524 573 2602 iungit
594 2543 696 2603 equos,
720 2542 900 2603 currumque
922 2528 1089 2600 sequuntur

171 2675 298 2726 invenitur
309 2674 334 2724 in
347 2675 496 2739 argentariis
513 2675 623 2726 metallis
635 2675 681 2725 mi·
732 2674 799 2725 dolo.
841 2672 904 2724 Ovid
928 2675 987 2722 met
1013 2674 1037 2736 7,
1060 2674 1123 2724 746:
1152 2669 1245 2723 studiis

171 2743 240 2793 nium
250 2757 351 2807 quoque
361 2750 387 2791 et
397 2758 463 2793 nunc
472 2743 538 2793 inter
552 2743 681 2809 pigmenta
732 2747 835 2808 operata
854 2741 956 2792 Dianae.

171 2824 277 2876 magnae
306 2809 478 2873 auctoritatis,
505 2816 530 2860 et
553 2811 680 2877 quondam
767 2813 809 2862 64,
828 2808 878 2859 tela
897 2809 1007 2859 sonitum
1021 2806 1080 2866 edit,
1098 2806 1160 2857 dum
1177 2806 1244 2858 latus

171 2878 239 2945 apud
248 2878 376 2928 Romanos
390 2892 440 2927 non
458 2877 540 2928 solum
558 2878 681 2928 maximae
733 2877 787 2928 eius
805 2876 921 2945 pulsatur
938 2875 1046 2942 pectine.
1072 2873 1201 2928 Huschke.

171 2946 215 2998 sed
235 2946 310 2997 ctiam
328 2959 423 2996 sacrae.
448 2945 583 2996 Enumerat
595 2951 681 2997 aucto·
768 2948 807 2997 75.
827 2945 962 3005 celebrem]
982 2943 1033 2993 viel
1052 2942 1167 3010 geleiert.

171 3030 211 3066 res
228 3013 337 3092 Verrius,
353 3012 448 3092 ⁸qulbus
462 3012 573 3093 ⁸credere¹
586 3013 619 3064 sit
634 3028 681 3093 ue·
748 3016 807 3092 ⁴76.
828 3013 897 3063 olam
915 3014 968 3062 aidi
984 3013 1105 3076 quisquo]
1129 3010 1191 3061 weil
1209 3009 1247 3062 sle

171 3081 682 3214 tutulttltlnffl‘llltt'tlttt‘l
734 3080 1065 3214 ⁵¹⁰ldld⁶3nygm
1091 3145 1164 3197 nan
1193 3159 1248 3196 aar

171 3218 422 3285 triumphantumque
439 3232 552 3284 corpora.
734 3216 846 3276 lrrumm;
872 3216 909 3268 sie
933 3230 987 3267 war
1013 3230 1058 3266 aus
1083 3213 1247 3265 Bucbsbaum

207 3290 248 3338 54,
267 3289 320 3337 Aus
338 3285 386 3336 den
404 3286 548 3351 Postreigen
570 3300 601 3335 an
625 3285 682 3336 dem
733 3284 865 3350 verlertigt
887 3283 938 3334 und
961 3283 1032 3334 hatte
1056 3281 1130 3334 einen
1150 3283 1248 3333 Ansata

172 3353 232 3404 Pest
255 3353 299 3404 der
316 3352 444 3404 Weinlese
468 3353 538 3404 batte
564 3353 617 3404 sich
642 3353 682 3404 bei
733 3368 784 3402 von
803 3353 959 3418 gehogenem
978 3351 1057 3411 Horn;
1075 3349 1129 3416 vgl.
1141 3348 1196 3400 Cat.
1206 3351 1252 3413 63,

172 3420 221 3471 den
229 3421 350 3472 Griecben
361 3421 412 3472 und
422 3422 530 3471 Romam
541 3422 585 3473 das
593 3422 680 3472 Drama
734 3422 780 3472 22:
799 3419 891 3469 tibicen
909 3419 953 3469 ubi
976 3419 1045 3469 canit
1062 3416 1149 3485 Phryx
1167 3432 1248 3468 curvo

172 3489 329 3540 entwichelt.
735 3502 813 3554 grave
831 3487 936 3538 calamo.

208 3560 248 3608 55.
266 3558 444 3622 memorabile]
464 3557 571 3624 whrdig.
771 3559 811 3608 79.
836 3554 881 3607 Dic
904 3555 985 3607 Nacbt
1012 3554 1068 3605 luhr
1094 3553 1140 3604 aul
1163 3552 1248 3605 ciuem

209 3626 250 3676 63.
269 3624 400 3686 lllineroa]
426 3631 564 3690 metonym.
582 3625 621 3675 ldr
639 3625 684 3677 das
735 3623 933 3690 Zweigespanu:
952 3624 1035 3689 bigae,
1053 3637 1082 3674 so
1096 3622 1252 3688 Verghen.

173 3691 296 3750 Gewebe;
315 3691 368 3756 rgl.
387 3692 462 3759 Prop.
481 3693 511 3756 ll,
529 3696 553 3756 9,
571 3695 626 3756 5s.,
644 3707 685 3742 wo
737 3681 768 3755 5,·
781 3695 843 3745 721:
868 3698 894 3742 et
911 3691 967 3742 Nox
992 3696 1045 3741 atra
1069 3689 1157 3756 polum
1183 3689 1254 3757 bigis

173 3774 270 3811 esron
295 3758 339 3809 der
357 3758 485 3825 Penelope
507 3760 600 3811 heisst:
627 3775 687 3811 oon·
737 3760 857 3811 subrecta
877 3760 987 3810 tenebat.
1012 3757 1158 3825 Lygdamus
1177 3757 1255 3809 theilt

175 3827 270 3894 iugium
289 3827 351 3878 falsa
365 3833 465 3893 poterat
482 3827 581 3880 differre
595 3827 687 3879 Miner·
737 3826 776 3877 ihr
811 3828 850 3878 ein
877 3828 1052 3895 Viergespann
1087 3843 1119 3877 zu
1151 3825 1190 3891 lll,
1227 3829 1253 3888 4,

175 3910 215 3960 va,
234 3901 358 3946 nocturno
382 3895 485 3946 solvens
507 3901 576 3946 texta
599 3895 687 3947 diurna
741 3898 803 3947 tle.
