2580 4402
461 238 696 314 1111111111
714 240 765 308 (iv,
785 242 825 305 11)

104 413 236 476 Candida
259 433 316 494 qua
339 413 471 493 geminas
493 414 655 475 ostendunt
677 413 805 474 culmina
827 420 934 485 turres,

147 500 186 560 Et
208 499 284 560 cadit
305 499 336 560 in
359 498 475 579 patulus
497 499 614 579 lympha
637 498 750 560 Aniena
771 496 862 559 lacus.

104 584 184 656 Quid
207 581 334 646 faciam?
356 583 492 646 obductis
514 585 692 645 committam
714 600 801 649 mene
822 582 963 658 tenebris,
1160 593 1176 642 5

150 670 187 732 Ut
208 670 325 730 timeam
347 670 472 731 audaces
494 669 525 730 in
548 687 612 730 mea
633 669 765 730 membra
787 665 914 729 manus?

105 756 142 816 At
164 755 189 815 si
212 755 353 815 distulero
375 756 447 816 haec
469 764 570 815 nestro
593 754 728 816 mandata
749 755 865 829 timore,

148 839 302 900 Nocturna
323 841 410 902 fletus
432 841 543 907 saevior
565 841 649 901 hoste
672 838 754 900 mibi.

105 925 263 987 Peccaram
285 925 386 996 semel,
408 934 437 985 et
458 933 551 987 toturn
574 944 639 986 sum
663 925 767 1004 pulsus
789 925 820 984 in
844 941 970 985 annum:

149 1011 183 1071 ln
206 1029 253 1070 me
273 1018 440 1071 mansuetas
463 1029 523 1071 nen
546 1009 634 1071 babet
655 1010 703 1072 illa
724 1027 839 1070 manus.
1148 1017 1177 1067 10

106 1095 168 1157 Nec
189 1103 286 1155 tamen
310 1104 354 1157 est
378 1096 542 1175 quisquam,
565 1114 664 1157 sacros
687 1095 738 1176 qui
762 1095 855 1157 laedat
876 1101 1022 1155 amantes:
1082 1091 1083 1094 ’

149 1179 282 1241 Scironis
304 1180 398 1240 media
421 1180 464 1241 sic
485 1180 554 1240 licet
576 1181 618 1242 ire
641 1181 695 1241 ria.

108 1264 249 1344 Quisquis
270 1273 383 1326 amator
405 1266 470 1341 erit,
493 1265 639 1344 Scythicis
660 1266 730 1326 licet
752 1264 881 1326 ambulet
904 1263 979 1324 oris:

149 1350 242 1410 Nemo
264 1350 347 1423 adeo,
369 1358 403 1411 ut
424 1357 539 1423 noceat,
561 1349 704 1412 barbarus
727 1369 791 1412 esse
813 1350 898 1410 volet.

106 1435 191 1496 Luna
212 1434 358 1497 ministrat
380 1435 446 1510 iter,
469 1436 670 1498 demonstrant
691 1447 769 1498 astra
791 1435 927 1509 salebras,
1149 1445 1178 1494 15

150 1520 218 1599 lpse
240 1521 330 1581 Amor
352 1539 491 1582 accensas
514 1521 643 1601 percutit
663 1528 731 1582 ante
754 1521 841 1595 iaces,

105 1605 197 1667 Saeva
219 1622 325 1666 canum
346 1604 442 1668 rabies
464 1624 581 1667 mersus
603 1606 707 1667 avertit
727 1606 850 1667 hiantis:

149 1688 227 1751 Huic
250 1690 351 1768 generi
375 1692 479 1770 quovis
502 1699 634 1771 tempore
656 1699 717 1752 tuta
741 1691 820 1751 riast.

105 1774 257 1854 Sanguine
279 1783 337 1836 tarn
360 1794 450 1855 parve
473 1777 539 1856 quis
561 1776 641 1838 enim
663 1783 818 1856 spargatur
840 1773 964 1836 amantis

148 1858 320 1939 Inprobus?
343 1880 421 1937 ecce,
444 1863 506 1922 suis
527 1863 559 1922 fit
582 1879 680 1923 comes
702 1863 766 1941 ipsa
789 1860 898 1922 Venus
1148 1869 1178 1920 20

105 1945 191 2018 Quod
214 1946 238 2005 si
262 1954 339 2006 certa
361 1965 443 2007 mens
465 1955 662 2026 sequerentur
684 1948 788 2008 funera
811 1963 905 2020 casus,

148 2029 227 2101 Talis
248 2048 328 2091 mors
350 2031 446 2111 pretio
468 2033 513 2093 vel
535 2032 573 2094 sit
595 2031 718 2094 emenda
740 2031 822 2091 mihi.

104 2162 146 2215 die
162 2163 321 2221 Liebendem
339 2163 415 2215 sollte
432 2180 460 2215 11
478 2164 537 2217 aber
555 2170 616 2219 ster-

103 2231 164 2295 ben,
183 2230 250 2282 dann
269 2230 347 2296 wind,
364 2247 393 2283 so
412 2231 476 2283 notit
493 2248 533 2298 er,
551 2234 617 2302 Gyn-

106 2298 161 2351 tbia
178 2299 259 2352 1111111
275 2299 319 2352 ibn
336 2300 472 2352 bestatten.

141 2371 166 2422 3.
185 2366 302 2418 eandida
321 2368 447 2430 eulmina]
461 2368 538 2422 Tibur
555 2370 618 2437 liegt

106 2435 152 2487 aui
162 2434 255 2487 hohem
265 2434 418 2499 Kalkfelsen‚
435 2453 485 2487 ven
496 2437 560 2489 Rom
572 2454 618 2491 aus

107 2503 232 2557 sicbtbar:
242 2503 451 2570 rgnsbabout,
462 2508 489 2558 11
501 2507 536 2573 (p.
544 2509 615 2571 238):

106 2569 137 2624 ἔν
155 2569 221 2637 ὄψει
239 2574 297 2627 τοῖς
314 2569 343 2623 ἐν
357 2567 458 2641 Ῥώμῃ.

143 2643 240 2703 turrea]
254 2661 289 2681 =
304 2639 371 2691 hobe
388 2639 492 2704 Hauser,
515 2642 567 2708 vgl.
587 2657 618 2692 zu

108 2706 164 2760 Tib.
182 2707 225 2761 Nr.
243 2708 286 2772 lv,
306 2711 351 2774 193
370 2708 446 2777 Prop.
462 2709 504 2775 111,
518 2712 559 2775 21,
575 2714 617 2762 15:

106 2775 237 2828 Romanae
259 2781 349 2828 turres.
384 2777 411 2827 111
431 2776 509 2829 Tibur
532 2778 619 2829 hatten

107 2842 149 2896 die
171 2844 328 2896 vemehmen
351 2843 443 2896 Remer
464 2845 518 2898 ibre
537 2845 618 2897 Villen

108 2927 166 2964 aum
183 2911 448 2965 Summeranfenthatt.
479 2975 482 2978 .

140 2978 273 3048 geminas]
291 2996 318 3032 es
330 2979 373 3046 lag
386 2980 430 3031 eui
440 2981 504 3033 zuei
514 2980 620 3048 Hiigetn‚

107 3047 149 3168 gie
167 3047 246 3100 durch
264 3048 312 3100 den
331 3047 403 3100 Tlnss
422 3052 540 3115 getrennt
557 3065 621 3101 wer-

125 3131 166 3169 en.

142 3187 167 3237 4.
179 3184 229 3236 Ber
237 3184 302 3236 Anio
314 3182 394 3235 bildet
406 3183 448 3234 bei
456 3182 535 3234 Tibur
547 3182 620 3235 einen
661 3182 665 3197 '

108 3249 169 3321 See3
188 3252 279 3305 Strabo
297 3252 345 3304 ci.
365 3247 569 3319 ὄκαταρᾰκτης,
588 3245 620 3301 ὃν

107 3322 183 3373 ποιεῖ
204 3316 310 3374 πλωτὸς
338 3313 377 3369 ὢν
401 3317 415 3369 ὅ
437 3316 536 3371 Ἀνίων
559 3313 616 3388 ἀφ’

107 3385 197 3454 ὕψους
204 3386 324 3471 μεγάλῳ
331 3384 554 3444 καταπίπτωνεῖς
565 3382 618 3457 ‹pei-

108 3472 202 3577 geg?
215 3458 391 3590 §ffligngmt
412 3540 463 3576 von
481 3523 546 3577 out
569 3539 617 3576 arn.

107 3591 125 3657 1,
144 3595 169 3656 b,
190 3594 221 3645 13
231 3607 264 3643 s.z
284 3605 331 3643 nec
349 3606 428 3657 more,
446 3593 517 3645 venit
534 3608 618 3655 am0r;

107 3674 159 3711 non
185 3660 288 3712 umbras
315 3664 390 3713 necte
415 3660 539 3726 volantis,
568 3676 619 3713 nen

107 3726 185 3781 timeo
204 3727 304 3780 strictas
326 3727 352 3781 in
375 3744 431 3780 mea
453 3728 504 3780 iata
521 3743 620 3782 manus.

141 3798 167 3850 9.
186 3802 270 3848 totum
288 3798 317 3847 in
338 3800 448 3861 annum]
472 3797 621 3850 bezeichnet

98 3864 147 3916 *nit
155 3863 298 3931 uberhaupt
308 3864 365 3917 eine
374 3866 477 3932 langere
488 3865 555 3926 Ζ111;
566 3865 618 3932 vgl.

108 3930 165 3986 Tib.
184 3931 289 3998 Nevit,
304 3935 363 3995 1073
381 3932 457 4000 Prop.
470 3933 514 3986 Nr.
529 3933 580 3999 1111,
590 3937 618 3995 ’1;

667 2167 744 2232 Verg.
756 2165 813 2215 buc.
830 2169 854 2229 7,
866 2166 909 2215 43:
929 2163 950 2215 si
969 2164 1030 2216 mibi
1048 2180 1097 2216 non
1116 2165 1180 2218 haec

668 2234 712 2286 lux
729 2238 784 2285 teto
796 2233 846 2283 iam
858 2231 958 2298 longior
970 2247 1036 2284 anno
1049 2237 1096 2286 est.
1114 2233 1180 2285 Ovid

668 2303 720 2354 her.
741 2306 787 2366 11,
805 2303 837 2354 29
859 2304 938 2351 neunt
959 2300 999 2353 die
1018 2302 1114 2367 Nacht,
1138 2302 1180 2355 die

668 2371 744 2437 lange
762 2370 862 2421 dauert:
881 2384 931 2420 nex
948 2383 1040 2423 annua.

706 2440 745 2490 12.
764 2437 870 2502 Sciron]
890 2436 931 2487 ein
949 2436 1056 2501 Riuber,
1074 2438 1119 2489 der
1138 2437 1182 2489 aui

669 2506 714 2558 der
731 2507 827 2558 Grenze
849 2503 978 2557 zwischen
995 2504 1103 2572 Megaris
1128 2507 1180 2558 und

669 2574 753 2626 Attica
767 2574 807 2624 die
816 2572 955 2624 Wanderer
966 2573 1101 2640 beraubte;
1114 2574 1181 2626 The-

670 2657 729 2695 seus
746 2641 844 2693 tcdtete
861 2641 911 2692 ibn.

706 2713 745 2762 13.
765 2709 823 2776 Vgl.
843 2708 941 2774 Tibi,
960 2711 1086 2775 Mis:
1112 2711 1181 2778 quis-

670 2779 727 2845 quis
751 2792 835 2829 111111
858 2780 972 2842 tenetur,
997 2782 1037 2830 eat
1059 2783 1181 2847 tutusque

669 2861 796 2965 sacerqu}
810 2845 935 2965 qutalibet:
958 2846 1062 2898 insidias
1082 2862 1131 2899 non
1150 2848 1181 2898 ti·

669 2930 763 2967 muisse
799 2930 861 2967 ece.

708 2986 749 3037 15..
773 2983 831 3050 Vgl.
859 2981 924 3034 0vid
950 2980 1004 3033 her.
1034 2985 1077 3046 11,
1097 2983 1129 3033 59
1144 2997 1179 3033 s.:

670 3051 730 3102 iuna
753 3050 804 3102 fere
827 3049 961 3102 tremulum
982 3049 1121 3115 praebebat
1142 3049 1181 3100 lu-

670 3134 728 3170 men
747 3118 825 3181 eunti‚
843 3122 870 3169 ut
889 3117 1011 3169 comesin
1026 3120 1125 3169 nostras
1142 3117 1181 3168 of-

669 3185 758 3238 ficiosa
774 3186 838 3237 rias.

707 3258 745 3307 16.
764 3253 842 3305 Amor
853 3252 965 3305 versiebt
976 3251 1024 3304 den
1036 3251 1123 3305 Dienst
1135 3252 1181 3305 (ies

669 3321 788 3385 Dieners‚
818 3322 863 3374 der
888 3321 914 3372 in
943 3320 988 3372 der
1013 3320 1096 3371 Necht
1123 3320 1181 3372 dem

669 3390 748 3442 Herrn
766 3389 807 3442 die
824 3388 917 3441 Tackel
935 3394 1054 3440 rorantru
1075 3428 1081 3440 .

706 3461 745 3510 19.
755 3461 889 3523 sanguine
894 3455 991 3525 parvo]
1001 3457 1046 3507 mit
1056 3404 1113 3509 gem
1120 3456 1182 3511 utut

670 3526 740 3578 eines
753 3525 973 3592 unbedeuteuden,
986 3524 1182 3593 gewbbnlicben

669 3593 814 3647 Menschen.

705 3665 735 3715 21
747 3677 767 3714 s.
795 3662 877 3714 Wenn
896 3661 1031 3727 eruisse,
1053 3661 1111 3714 dass
1129 3662 1182 3713 ibm

669 3746 721 3782 von
733 3729 841 3798 Cynthia
859 3729 905 3783 das
916 3730 1181 3798 Leicbenbegtingniss

669 3799 777 3851 bereitet
795 3798 894 3864 werde,
911 3814 940 3852 sn
957 3798 1046 3850 winde
1063 3814 1091 3850 er
1107 3799 1182 3850 einen

670 3867 774 3919 solchen
797 3866 852 3919 Tod
875 3867 921 3919 auf
940 3867 986 3919 der
1007 3865 1082 3918 Reise
1105 3879 1182 3932 sager

669 3951 712 3986 nm
731 3936 804 3988 einen
823 3935 907 3988 beben
924 3934 995 3987 Preis
1013 3934 1125 3987 erstebn.
