2580 4402
450 112 625 168 rnorunru
642 114 743 169 xxrur
758 116 799 185 (v,
818 121 844 184 a)

150 286 187 348 Et
209 285 316 348 struxit
338 285 478 365 querulas
500 305 588 349 rauca
610 306 665 368 per
688 307 753 351 ossa
776 289 872 366 tubas,

107 368 232 451 Dignior
255 371 376 451 obliquo
398 371 499 433 funem
523 373 573 450 qui
596 381 732 452 torqueat
756 373 850 450 Ocno,

149 458 358 536 Aeternusque
377 462 459 517 tuam
482 465 591 537 pascat,
615 458 712 533 aselle,
737 460 852 521 samem.

102 539 160 603 llic
182 541 265 618 mihi,
288 560 360 603 num
383 550 502 603 teneros
525 542 585 602 urit
606 542 696 605 lorica
718 543 867 606 lacertos?

148 627 227 689 Num
251 627 346 706 gravis
368 625 492 688 inbelles
514 627 613 689 atterit
634 628 716 690 hasta
738 627 868 692 manusl

102 709 187 774 llaec
211 722 336 773 noceant
358 711 468 792 polius,
491 730 578 792 quam
602 712 739 775 dentibus
762 715 821 776 ulla
844 716 941 796 puella

149 797 206 858 Det
227 796 298 858 mihi
321 791 479 877 p'lomndas
501 815 555 876 per
577 805 627 858 tua
649 799 722 861 colla
745 808 839 862 notas.

103 881 221 944 Diceris
244 891 273 943 et
293 883 386 943 macie
410 883 519 945 voltum
541 891 696 945 tenuasse:
721 884 772 946 sed
795 896 878 965 opto,

149 967 174 1028 E
198 966 345 1028 desiderio
367 967 405 1029 sit
427 966 509 1028 color·
531 968 587 1029 iste
612 986 688 1030 meo.

106 1053 146 1113 At
168 1051 240 1112 mihi
263 1070 331 1113 cum
354 1060 457 1113 noctes
479 1052 595 1114 induxit
617 1071 722 1134 vesper
743 1060 865 1129 amaras,

151 1136 242 1216 Siqua
265 1136 366 1198 relicta
388 1136 495 1213 iacent,
519 1138 639 1200 osculor
661 1157 739 1201 arma
762 1149 821 1201 tua.

105 1221 185 1284 Tum
209 1240 317 1302 queror
339 1221 369 1283 in
393 1229 453 1282 toto
476 1241 536 1284 non
560 1223 655 1284 sidere
678 1223 764 1303 pallia
788 1225 874 1301 lecto,

150 1306 241 1368 Lucis
263 1314 292 1368 et
313 1315 449 1369 auctores
472 1326 532 1369 non
556 1308 625 1369 dare
648 1326 765 1370 carmen
790 1328 865 1372 aves.
907 1376 910 1381 ⁴
951 1344 955 1350 ·

106 1390 251 1454 Noctibus
274 1391 407 1453 hibernis
429 1393 589 1455 castrensia
612 1411 704 1474 pensa
726 1393 828 1456 laboro

152 1477 190 1538 Et
212 1475 299 1556 Tyria
321 1477 352 1537 in
376 1477 473 1539 radios
495 1478 601 1540 vellera
623 1487 702 1540 secta
725 1497 806 1555 suos,

108 1561 146 1623 Et
169 1561 261 1636 disco,
284 1580 341 1641 qua
363 1572 446 1642 parte
468 1563 541 1625 lluat
562 1564 725 1625 vincendus
749 1567 867 1640 Araxes,

151 1646 232 1718 Quot
253 1646 318 1709 sine
340 1665 415 1727 aqua
436 1647 562 1709 Parthus
584 1649 664 1710 milia
686 1660 786 1711 currat
808 1668 913 1730 equus.

107 1729 207 1810 Cogor
230 1739 259 1792 et
281 1750 297 1793 e
319 1731 416 1793 tabula
440 1733 536 1812 pictos
560 1734 690 1796 ediscere
712 1735 850 1812 mnndoS,

151 1815 253 1888 Qualis
277 1816 399 1878 ethaeo
422 1818 499 1878 docti
523 1818 562 1879 sit
583 1819 716 1898 positura
739 1819 794 1891 dei,

108 1901 190 1972 Quae
213 1900 300 1964 tellus
323 1901 360 1964 sit
382 1902 460 1964 lenta
483 1903 561 1983 gelu,
585 1922 659 1983 quae
682 1905 778 1985 putris
801 1903 837 1966 ab
860 1911 951 1980 aestu,

150 1985 264 2048 Ventus
286 1987 317 2049 in
340 1986 451 2048 ltaliam
474 1988 525 2067 qui
547 1988 624 2050 hene
646 1988 707 2050 vela
730 1989 813 2050 lerat.

109 2070 231 2133 Adsidet
252 2089 312 2133 una
334 2089 431 2149 soror,
454 2073 534 2133 curis
554 2083 582 2135 et
604 2072 710 2153 pallida
733 2074 834 2135 nutrix

150 2155 267 2217 Peierat
288 2155 405 2218 hiberni
428 2157 573 2238 temporis
596 2177 660 2221 esse
682 2176 790 2220 moras.

104 2288 253 2354 utentum,
271 2290 354 2342 suno
370 2290 448 2342 Aeste
467 2291 572 2342 cerauno
589 2307 621 2342 zu
671 2291 753 2358 hager
770 2291 877 2354 sensu,
895 2290 985 2342 wrev.
1003 2293 1045 2352 oa;
1064 2290 1184 2359 vacrin.
1224 2277 1230 2288 '

106 2355 220 2408 werden.
671 2359 715 2411 Nr.
734 2359 773 2422 lll,
792 2361 865 2410 dhes.

142 2427 184 2476 20.
211 2423 256 2476 Die
275 2427 337 2475 tuba
356 2425 426 2476 ward
445 2426 470 2475 ln
495 2425 539 2477 der
558 2427 620 2479 ilte·
706 2430 747 2479 34.
773 2426 818 2478 llic
837 2424 920 2476 Wolle
944 2425 1013 2476 ward
1038 2426 1084 2477 mit
1101 2426 1184 2478 einem

106 2507 150 2544 ren
169 2490 225 2544 Zelt
248 2506 295 2544 aus
315 2492 434 2545 Knochen
458 2494 621 2561 angelertigt
671 2495 785 2546 cisernen
799 2495 952 2545 instrument
969 2493 1036 2545 klein
1055 2493 1185 2560 gesclmit-

105 2563 195 2627 spdtcr
212 2575 258 2612 aus
275 2560 370 2612 Metall.
671 2566 714 2613 ten
738 2561 788 2613 und
814 2560 1043 2628 durchgehichelt,
1067 2577 1109 2614 um
1132 2578 1184 2614 ron

140 2631 182 2680 21.
211 2629 298 2679 Ocnus
322 2628 395 2680 droht
415 2645 459 2681 zur
477 2628 560 2681 Strale
582 2630 621 2681 ldr
671 2630 791 2681 Schmutz
810 2629 899 2681 belreit
916 2645 948 2680 au
970 2629 1081 2683 werden.

106 2695 177 2748 scine
202 2695 324 2763 Trigheit
353 2697 378 2747 in
408 2696 453 2748 der
479 2698 620 2750 Unterwelt
706 2701 747 2750 35.
772 2699 887 2761 Aruacos]
905 2698 978 2750 Fluss
996 2698 1020 2748 in
1040 2697 1183 2751 Armenion.

104 2764 147 2816 ein
166 2764 233 2826 Seil,
255 2763 359 2830 dasein
377 2765 435 2817 Esel
453 2765 542 2818 immor
559 2766 621 2818 wie-
670 2765 696 2816 lu
715 2765 772 2817 dem
783 2765 853 2818 Briel
868 2766 913 2818 der
924 2766 1050 2832 Penelope
1062 2781 1093 2817 an
1112 2766 1183 2817 ihren

105 2831 151 2883 der
168 2832 278 2884 abhlsst.
670 2833 803 2898 vorlroja
819 2832 1085 2896 wellendenllemahl,
1103 2833 1184 2885 heisst

141 2899 620 2966 obliquo]aschielwaudelndmchil·
651 2916 699 2975 xcs
717 2901 781 2953 Ovld
800 2902 853 2954 her.
876 2905 902 2965 1,
919 2904 950 2953 31
968 2915 1016 2954 ss:
1040 2905 1115 2967 atque
1140 2901 1184 2952 ali·

106 2966 164 3019 dert
180 2967 222 3020 die
239 2968 347 3033 subrige
365 2967 482 3034 Stelluug
504 2968 549 3020 des
567 2969 620 3020 Sei·
671 2970 729 3036 quis
755 2971 838 3036 posita
866 2972 992 3020 monstrat
1012 2969 1063 3019 sera
1087 2969 1183 3035 proelia

106 3034 167 3087 lers.
201 3035 620 3120 Eingriech.Surichwortlautet:
671 3052 773 3100 mensa,
797 3036 880 3104 pingit
902 3040 927 3087 et
949 3036 1040 3103 exiguo
1059 3036 1183 3103 Pergama

106 3096 211 3173 ὁᾶνὴρ
225 3088 304 3160 οὗτος
322 3117 434 3170 duraret
455 3106 511 3154 τοῦ.
523 3101 619 3155 Ὄκνου
670 3108 723 3156 tota
743 3120 825 3156 mero:
854 3103 917 3165 ,hac
937 3102 991 3155 ibat
1007 3103 1112 3167 Simois,
1136 3104 1183 3156 hac

106 3168 158 3233 τὴν
173 3170 217 3222 dd
241 3188 314 3239 ιγγα.
670 3177 710 3225 est
719 3172 803 3238 Sigeia
821 3171 905 3236 tellus,
923 3171 964 3223 hic
976 3175 1081 3224 steterat
1091 3171 1184 3224 Priami

141 3241 183 3292 38.
221 3240 528 3304 asideriom001=mei
670 3240 739 3306 regia
758 3240 826 3292 celsa
844 3241 929 3292 senls“
948 3245 997 3291 etc.

142 3309 183 3360 32.
208 3311 278 3371 auae]
297 3309 450 3360 namcntlich
471 3308 516 3360 der
533 3308 619 3369 Hahu;
706 3311 746 3360 33.
774 3311 865 3374 cogor]
885 3306 959 3370 ,dein
977 3306 1126 3359 Auleuthalt
1148 3308 1183 3360 im
1255 3311 1258 3319 '

105 3374 124 3436 l,
146 3378 186 3440 ld,
203 3378 236 3429 43
259 3380 339 3428 neunt
361 3391 388 3427 cr
404 3376 448 3427 ilm
469 3377 619 3429 matutinum
669 3375 747 3428 Felde
765 3377 861 3442 awingt
884 3375 951 3428 mich
974 3373 1015 3426 die
1033 3375 1109 3428 Karte
1129 3375 1186 3428 aul·

105 3443 200 3496 alitem.
237 3441 301 3496 Ouid
319 3448 380 3496 met.
400 3448 439 3509 ll,
458 3447 506 3497 397
517 3460 550 3496 s.:
570 3459 619 3496 non
670 3443 849 3511 zuschlagen.“

105 3510 170 3578 vigil
192 3511 246 3564 ales
269 3511 303 3564 ibi
322 3512 417 3564 cristati
435 3512 551 3565 cantibus
569 3513 621 3564 oris
707 3513 748 3564 33.
765 3511 898 3579 perituro]
918 3525 952 3562 sc.
972 3509 1130 3563 mundomm.

105 3584 199 3700 {vocat
221 3580 357 3648 Auroram3
384 3580 440 3632 last.
468 3586 497 3646 1,
520 3583 570 3634 455
584 3595 619 3642 s.;
688 3580 749 3699 fdei
781 3581 861 3643 doctr]
900 3578 944 3631 des
977 3579 1072 3632 welsen
1101 3577 1184 3631 Scho-

125 3650 209 3712 ,76'l.
670 3661 747 3714 pers.

142 3717 182 3769 33.
197 3719 343 3766 castrensia
347 3717 443 3834 ifacesso]
456 3716 495 3767 ein
506 3715 619 3768 Gewnnd
704 3717 746 3768 la.
776 3713 821 3767 Die
846 3718 917 3767 treue
944 3715 1033 3766 Ammo
1059 3712 1112 3763 will
1139 3712 1185 3765 der

106 3783 147 3835 sur
163 3784 209 3835 das
218 3782 311 3849 lagen
331 3821 342 3845 „
357 3784 386 3836 dr
404 3783 470 3848 dich,
488 3784 533 3836 der
541 3784 575 3836 du
583 3783 620 3836 im
670 3783 795 3835 Arethusa
816 3781 866 3835 den
884 3782 969 3834 Gmnd
992 3782 1037 3834 der
1058 3780 1187 3848 Verzoge-
