2580 4402
170 223 214 285 50
571 224 696 279 utuntur
713 226 734 279 n
752 227 780 291 u,
801 229 841 293 ιο)

172 400 227 460 llic
248 398 379 478 placatus
402 407 478 471 erat,
501 417 554 458 seu
575 397 643 477 quis
664 397 803 459 libaverat
825 416 918 469 uram,

214 484 274 544 Seu
296 483 414 545 dederat
434 493 550 544 sanctae
572 484 671 562 spicea
693 493 769 544 serta
791 501 906 543 comae:

171 571 267 646 Atque
289 568 394 647 aliquis
416 568 474 628 voti
498 587 620 648 compos
641 567 699 629 liba
720 568 785 647 ipse
806 566 918 628 ferebat

213 654 342 731 Postque
364 671 462 714 comes
485 671 592 732 purum
615 653 673 714 iilia
696 653 911 732 parvularum.

171 741 207 799 At
229 737 315 799 nobis
337 748 451 813 aerata,
473 737 578 814 lares,
602 738 737 817 depellite
761 737 827 811 tela,

212 822 371 902 Hostiaque
393 843 409 884 e
432 822 518 902 plena
540 823 649 884 rustica
670 841 780 902 porcus
801 822 881 882 hara.

169 907 252 968 Hanc
273 926 346 987 pura
369 927 436 968 cnm
458 915 538 968 veste
559 926 666 987 sequar
687 917 843 988 myrtoque
865 905 990 967 canistra

212 992 313 1054 Vincta
337 1011 445 1072 geram,
468 1001 562 1070 myrto
584 993 699 1054 vinctus
722 993 836 1071 etipse
858 1001 954 1069 caput.

168 1079 218 1138 Sic
240 1078 370 1157 placeam
393 1076 488 1138 vobis:
513 1077 587 1138 alius
609 1077 647 1138 sit
668 1077 753 1138 lortis
775 1077 805 1138 in
828 1076 926 1149 armis,

210 1164 329 1223 Sternat
351 1173 379 1224 et
401 1162 537 1223 adversos
559 1162 650 1224 Marte
672 1164 785 1222 favente
808 1161 908 1235 duces,

168 1246 205 1308 Ut
227 1247 298 1308 mibi
320 1248 433 1326 potanti
455 1245 549 1325 possit
570 1266 622 1308 sua
645 1246 742 1308 dicere
763 1248 838 1307 lacta

210 1332 292 1393 Miles
315 1332 396 1393 etin
418 1351 519 1392 mensa
541 1332 664 1410 pingere
686 1341 780 1392 castra
801 1349 893 1391 mero.

168 1417 240 1488 Quis
261 1418 344 1477 luror
366 1427 410 1478 est
431 1425 521 1478 atram
545 1416 628 1477 bellis
650 1435 799 1477 arcessere
821 1412 968 1478 mortem?

209 1501 336 1562 Inminet
358 1511 386 1562 et
407 1502 496 1563 tacito
519 1501 593 1562 clam
615 1501 695 1562 venit
716 1501 763 1562 illa
787 1502 872 1579 pede.

165 1583 231 1646 Non
255 1605 339 1663 seges
362 1597 406 1647 est
427 1586 512 1660 infra,
535 1605 595 1646 non
617 1586 702 1646 vinea
725 1585 811 1657 culta,
835 1584 886 1646 sed
908 1585 1000 1647 audax

210 1671 354 1732 Cerberus
377 1680 405 1731 et
427 1671 543 1750 Stygiae
565 1671 659 1731 navita
682 1671 777 1749 turpis
799 1689 907 1749 aquae:

167 1755 230 1815 lllic
252 1756 460 1834 percussisque
482 1755 566 1833 genis
589 1765 715 1834 ustoque
737 1754 843 1834 capillo

209 1841 296 1900 Errat
317 1841 352 1900 ad
375 1840 517 1900 obscuros
539 1841 646 1918 pallida
668 1838 752 1901 turba
775 1839 866 1900 lacus.

167 1926 259 1995 Quam
283 1924 381 2003 potius
402 1925 564 1985 laudandus
587 1925 636 1986 bio
658 1935 718 1996 est,
741 1943 828 2002 quem
852 1924 935 2003 prole
957 1933 1055 2003 parata

209 2011 341 2089 Occupat
363 2010 392 2070 in
416 2028 502 2088 parva
525 2009 608 2089 pigra
632 2018 749 2070 senecta
766 2009 846 2070 cesai

164 2094 231 2172 lpse
253 2113 321 2155 suas
343 2104 471 2155 sectatur
493 2114 571 2168 oves,
593 2104 622 2155 at
642 2094 720 2155 filius
743 2112 845 2172 agnos,

207 2180 243 2240 Et
266 2178 386 2241 calidam
409 2180 487 2240 lesso
509 2187 651 2259 conparat
672 2198 747 2239 uxor
769 2197 885 2257 aquam.

164 2264 213 2323 Sic
235 2283 289 2342 ego
312 2267 377 2340 sim,
399 2264 542 2342 liceatque
566 2273 654 2343 caput
676 2264 853 2324 candescere
875 2262 965 2339 canis,

206 2349 361 2427 Temporis
384 2359 413 2410 et
433 2349 523 2427 prisci
545 2350 618 2409 lacta
642 2350 753 2409 reterre
775 2367 887 2409 senem.

162 2432 276 2494 Interea
298 2433 357 2494 Pax
378 2453 443 2495 arva
468 2434 552 2494 colat.
596 2433 654 2493 Pax
677 2433 798 2494 candida
820 2434 947 2512 primum

205 2518 292 2579 Duxit
314 2528 447 2580 araturos
469 2519 524 2579 sub
547 2519 613 2596 iuga
635 2518 731 2597 panda
753 2517 853 2594 boves,

162 2602 220 2663 Pax
242 2603 314 2664 aluit
336 2604 408 2664 vites
431 2614 460 2664 et
482 2622 568 2665 sucos
591 2603 723 2664 condidit
744 2621 826 2674 uvae,

204 2686 353 2749 Funderet
374 2699 408 2749 ut
430 2697 497 2748 nato
520 2696 593 2749 testa
616 2697 737 2767 paterna
760 2705 889 2746 merum:

161 2770 236 2831 Pace
260 2771 364 2831 bidens
386 2790 545 2850 vomerque
566 2773 671 2847 nitent,
694 2781 727 2832 ut
749 2772 842 2832 tristia
864 2770 930 2831 duri

195 2940 235 2990 23.
254 2940 319 3002 ipse]
343 2937 376 2988 im
398 2937 539 3004 Gegensatz
565 2953 595 2987 zu
619 2937 670 2987 iilic
721 2936 819 3003 derung
836 2939 906 2989 eines
922 2936 1171 3000 landlicbenl'estes‚
1188 2937 1236 2990 das

158 3019 236 3071 parva
254 3021 279 3057 v.
297 3009 339 3059 24.
722 3005 792 3055 nicht
808 3005 832 3055 in
851 3005 997 3071 unmdssige
1008 3004 1236 3071 Ausgelassenlreit

193 3092 234 3142 27.
260 3094 388 3153 canistro]
414 3089 497 3141 lldrbe
521 3091 567 3141 mit
585 3090 670 3156 Opler-
721 3080 838 3125 ³³⁸³&ss
856 3073 918 3124 dars·

160 3159 261 3222 geratb,
290 3158 456 3225 Weibrauch,
485 3158 588 3210 lluchen
619 3158 670 3210 und
755 3145 796 3219 4‚5·
820 3145 931 3204 interea]
954 3166 988 3186 =
1006 3141 1044 3192 bis
1070 3154 1102 3190 ΖΙ]
1123 3140 1235 3191 meinent

158 3223 234 3276 lllehl.
721 3209 895 3260 Grersenalter.

191 3296 272 3358 pura]
291 3291 341 3360 vgl.
360 3293 402 3344 Ns,
420 3293 452 3360 v,
472 3297 511 3346 11,
755 3280 796 3328 48.
814 3277 863 3328 Iler
875 3278 925 3328 alte
935 3277 1017 3337 Wein,
1030 3276 1074 3327 der
1085 3275 1110 3327 in
1120 3274 1235 3339 ladmen,

193 3380 233 3429 31,
252 3379 311 3444 νει,
330 3379 383 3429 ραι,
401 3377 444 3429 Ns,
462 3379 493 3441 v,
512 3383 555 3432 6⁸·
718 3345 895 3465 ffisepitzten
925 3345 1044 3397 Geltssen
1074 3343 1238 3394 aubewatnt

192 3463 255 3513 3'ts.
283 3462 328 3514 Die
345 3462 444 3542 Todten
469 3463 545 3514 irrten
568 3463 593 3515 in
613 3464 667 3514 der·
753 3483 794 3532 49,
815 3480 914 3542 tidem]
934 3481 971 3531 sar
992 3481 1040 3531 den
1060 3480 1237 3545 weingarten.

159 3529 245 3580 selben
258 3529 389 3581 Gestaltan
408 3530 452 3581 der
464 3530 667 3582 Unterweltum-
717 3563 806 3599 vomer
825 3550 864 3598 sps
882 3549 928 3599 de„
948 3549 1043 3608 Ache„
1068 3547 1124 3597 dem
1151 3549 1236 3599 nitent

157 3596 211 3659 her,
229 3596 255 3648 in
274 3597 384 3649 welcbcr
400 3600 670 3650 mansiezuletztaul
718 3617 786 3667 steht
804 3617 868 3668 spus
893 3633 918 3669 v·
937 3621 969 3670 50
994 3616 1152 3682 gegfflqpef3
1178 3615 1234 3680 vgt.

157 3664 253 3727 Rider,
281 3666 325 3716 aul
345 3665 402 3716 dem
426 3665 581 3718 Touteanett
607 3667 667 3717 oder
719 3683 783 3734 qvid
804 3685 861 3736 fast·
880 3689 909 3747 4,
928 3688 1019 3736 92qu
1043 3683 1141 3735 sarcula
1165 3698 1234 3735 nunc

158 3733 203 3784 anf
227 3732 284 3784 dem
311 3733 527 3799 &heilefhffllfesss
557 3734 666 3800 Sesehefl
718 3752 847 3817 durusque
864 3753 954 3804 bidens
972 3760 997 3803 et
1010 3767 1096 3802 vomer
1109 3750 1235 3813 aduncus,

157 3800 236 3854 haste·
718 3820 782 3870 ruris
801 3836 879 3887 opes,
902 3823 1010 3873 niteant:
1030 3818 1145 3885 inquinet
1163 3833 1232 3871 arma

190 3888 299 3939 45-68.
317 3884 369 3936 Lob
382 3885 427 3937 des
439 3884 569 3948 Friedens;
588 3885 667 3938 Sobil-
718 3887 791 3939 situs.
