2580 4402
506 123 632 179 rtnuttt
649 126 679 179 111
696 127 725 195 (l,
744 129 779 194 3).

101 291 175 354 Non
198 294 284 369 acies,
308 312 369 356 non
393 295 434 356 ira
457 295 521 370 luit,
544 315 605 359 non
627 298 713 375 bella,
737 318 793 361 neo
814 318 916 361 ensem

152 378 252 440 Inmiti
275 398 378 440 saevus
400 381 522 442 duxerat
543 390 604 444 arte
626 382 716 446 faber.

104 463 197 525 Nunc
219 463 286 525 love
308 463 363 525 sub
386 465 505 526 domino
528 468 630 529 caedes
653 478 683 530 et
703 469 824 531 vulnera
850 488 975 550 semper,

152 548 240 610 Nunc
262 567 358 624 mare,
380 569 461 612 nunc
483 551 533 613 leti
556 552 635 614 mille
658 563 781 633 repente
803 554 873 615 viae.

107 633 213 711 Parce,
235 641 327 714 pater.
372 634 506 697 timidum
530 654 590 698 non
613 656 660 699 me
681 639 811 718 periuria
834 646 955 714 terrent,

154 720 222 780 Non
245 719 319 780 dicta
342 719 372 779 iu
395 727 513 781 sanctos
534 721 615 801 inpia
637 723 723 784 verba
745 725 825 786 deos.

109 805 198 878 Quod
221 803 247 865 si
268 805 369 865 fatales
391 804 448 865 iam
470 824 552 869 nunc
573 806 753 886 explevimus
775 827 879 884 annos,
964 820 968 845 ¹

155 890 214 951 Fac
235 888 309 968 lapis
332 888 483 969 inscriptis
505 899 562 953 stet
583 910 674 971 super
696 912 762 954 ossa
784 894 878 956 notis:

112 975 180 1036 ‘llic
203 974 277 1035 iacet
298 973 394 1035 inmiti
417 984 610 1054 consumptus
633 986 727 1040 morte
749 978 894 1054 Tibullus,

156 1059 308 1122 Messalam
329 1066 408 1119 terra
430 1060 500 1121 dum
522 1062 716 1143 sequiturque
737 1064 829 1125 mari!

113 1145 173 1207 Sed
197 1163 252 1219 me,
275 1144 354 1221 quod
378 1144 471 1206 facilis
492 1152 595 1206 tenero
618 1166 684 1208 sum
706 1167 823 1229 semper
844 1149 955 1224 dmori,

157 1231 224 1310 lpsa
246 1228 345 1289 Venus
369 1247 487 1309 campos
510 1230 597 1292 ducet
619 1232 650 1292 in
673 1232 798 1312 Elysios.

114 1315 171 1376 tlte
193 1315 317 1374 choreae
340 1320 502 1393 cantusque
524 1315 633 1394 rigent,
657 1319 826 1399 passimque
852 1326 990 1395 vagantes

158 1400 251 1460 Dulce
273 1407 379 1460 sonant
401 1399 484 1460 tenui
507 1408 626 1477 gutture
649 1420 768 1464 carmen
791 1421 867 1478 aves,

115 1486 184 1547 Fert
208 1484 315 1545 casiam
338 1502 398 1544 non
422 1483 498 1545 culta
513 1503 614 1563 seges,
638 1494 775 1567 totosque
796 1505 850 1567 per
872 1505 958 1565 agros

158 1569 259 1631 Floret
280 1567 408 1629 odoratis
430 1576 507 1629 terra
529 1569 658 1648 benigna
680 1571 771 1634 rosis:

117 1657 156 1717 dt
176 1654 315 1714 iuvenum
338 1652 429 1714 series
451 1655 561 1715 teneris
583 1656 703 1717 inmixta
726 1657 832 1737 puellis

160 1738 257 1815 Ludit,
281 1746 310 1798 et
332 1737 452 1799 adsidue
474 1739 584 1819 proelia
607 1741 710 1803 miscet
731 1744 831 1804 dmor.

115 1824 181 1885 lllic
203 1831 256 1899 est,
279 1822 457 1902 cuicumque
480 1842 569 1905 rapax
591 1843 670 1887 mors
692 1827 772 1889 venit
794 1828 912 1901 amanti,

161 1909 199 1969 Et
222 1907 297 1987 gerit
317 1906 429 1987 insigni
451 1916 562 1989 myrtea
584 1917 660 1972 serta
682 1929 774 1972 coma.

116 1996 155 2056 tt
176 1991 317 2055 scelerata
339 1993 414 2054 iacet
436 1994 520 2055 sedes
543 1994 572 2055 in
597 2005 684 2058 nocte
705 1997 852 2076 profunda

151 2157 630 2223 4166166]61686666166666866666-
681 2163 760 2228 partis
783 2162 827 2213 ubi
845 2178 873 2215 se
896 2162 938 2214 via
956 2159 1030 2212 findit
1046 2160 1072 2212 in
1090 2159 1191 2212 embasr

117 2232 166 2292 tes,
184 2227 377 2294 liriegsgerith3
397 2243 443 2281 nec
455 2242 541 2281 ensem
553 2229 630 2282 duxe·
681 2230 782 2283 dextera
794 2246 860 2297 qnae
869 2230 932 2282 Ditis
942 2229 1082 2295 magnisnb
1092 2229 1192 2281 moenia

116 2302 169 2349 rat:
203 2311 230 2348 es
260 2296 310 2362 gab
340 2295 406 2347 noch
439 2297 509 2349 nicht
537 2298 631 2349 einmal
682 2298 776 2360 tendit,
795 2299 842 2352 hac
859 2299 907 2350 iter
924 2297 1038 2365 Elysium
1055 2296 1144 2355 uobis;
1167 2300 1194 2348 at

117 2364 276 2427 Sehwerter,
293 2362 454 2430 qesohweige
472 2364 554 2430 denn,
571 2365 630 2419 dass
681 2367 755 2418 laeva
776 2368 899 2418 malorum
923 2368 1023 2417 exercet
1045 2378 1141 2432 poenas
1168 2368 1194 2416 et

116 2433 156 2485 sie
173 2447 231 2502 zum
240 2430 331 2498 llriege
347 2431 496 2484 verwendet
513 2433 631 2495 worden;
682 2433 713 2484 ad
731 2434 809 2502 impia
827 2433 931 2486 Tartara
949 2432 1028 2484 mittit
1045 2436 1093 2486 etc.

118 2501 172 2567 rgl.
189 2500 233 2552 Nr.
250 2500 280 2565 ll,
301 2501 373 2552 1-6.
717 2504 757 2554 60.
777 2506 860 2565 tenui]
879 2499 1035 2552 helltdnend.

154 2570 197 2620 48.
214 2567 631 2634 duosralebensobeillerg.den.
717 2573 758 2622 61.
786 2573 868 2634 cosio]
894 2569 940 2621 mit
972 2568 1017 2620 der
1041 2568 1122 2620 Rinde
1149 2569 1195 2621 des

120 2639 146 2700 1,
164 2639 226 2690 cat:
251 2639 296 2686 aut
312 2634 377 2687 levis
395 2650 482 2688 ocreas
499 2636 568 2691 lento
587 2637 633 2688 du·
683 2637 905 2690 Zimmtstrauches
923 2636 1023 2690 machte
1035 2637 1195 2690 manSalben

118 2708 183 2756 cunt
198 2707 313 2770 argento.
684 2705 882 2759 wohlrieclrend.

155 2775 263 2826 53-66.
282 2770 369 2833 „Muss
386 2770 426 2821 iclr
445 2771 506 2822 aber
522 2771 632 2835 sterben,
717 2776 759 2827 62.
777 2775 861 2828 Rosea
885 2774 920 2826 im
944 2773 1059 2842 Elysium
1082 2771 1197 2824 eruahnt

121 2854 151 2892 so
172 2842 247 2906 mogo
269 2837 311 2890 ioh
334 2855 365 2889 zu
388 2838 437 2889 den
455 2839 568 2891 Frenden
589 2839 633 2891 der
684 2843 748 2893 auclr
766 2843 842 2910 Prop.
860 2843 896 2907 V,
915 2846 946 2903 1,
964 2846 1010 2896 60:
1034 2840 1129 2892 mulcet
1153 2839 1197 2891 ubi

121 2907 270 2976 Elysiselren
287 2904 384 2959 Gelilde
402 2907 539 2973 einqehen‚
563 2908 633 2959 nicht
684 2909 784 2976 Elysias
802 2925 863 2962 aura
882 2911 955 2961 beata
972 2923 1052 2960 rosas.

119 2975 163 3028 die
173 2975 269 3037 Qualen
287 2973 479 3026 derUnlerwelt
497 2975 632 3028 erleiden.“
718 2981 780 3030 656.
814 2977 937 3030 Aehnlich
963 2975 1005 3026 bei
1032 2973 1107 3040 Verg.
1134 2975 1197 3026 Aen.

155 3044 355 3104 6561616661]
374 3041 435 3093 oder
447 3042 487 3094 616
497 3043 561 3094 situs
580 3047 631 3096 est:
685 3048 709 3109 6,
728 3047 777 3096 442
794 3061 843 3098 ss.;
861 3044 914 3105 hic,
939 3058 1004 3110 quos
1027 3042 1105 3094 durus
1128 3056 1199 3094 arnor

119 3109 405 3165 slehendeFormelaul
412 3109 634 3163 Grabinschrilteu.
686 3111 782 3164 crudeli
801 3113 858 3163 tabe
875 3111 989 3179 peremit,
1008 3110 1099 3162 secreti
1115 3109 1198 3161 celant

156 3183 199 3233 51.
217 3179 316 3241 facitis]
338 3178 480 3245 gehorsem.
684 3180 762 3232 calles
781 3184 807 3231 et
825 3183 923 3247 myrtea
941 3178 1033 3231 circum
1046 3178 1110 3230 silva
1125 3177 1199 3244 tegit.

157 3249 198 3299 58.
214 3247 260 3298 Ilio
277 3246 365 3298 Gdtter
382 3247 482 3299 ldhrten
501 3245 635 3298 16166166-
719 3250 760 3300 66.
788 3250 911 3313 insignis]
941 3248 988 3299 mit
1013 3246 1126 3298 Kranzen
1153 3261 1198 3313 ge·

121 3314 193 3380 linge
213 3314 294 3367 selbst
316 3314 342 3366 in
366 3314 406 3368 die
426 3314 569 3382 elysischen
588 3314 635 3366 Ge·
685 3314 827 3368 schmdcirt.

122 3381 193 3446 tilde,
210 3381 258 3433 den
275 3382 423 3434 Aufenthalt
440 3384 485 3435 der
503 3383 635 3434 Frommen
720 3386 834 3450 myrtea]
853 3382 913 3435 weil
930 3383 971 3434 die
988 3381 1071 3450 Myrte
1088 3381 1132 3434 der
1151 3382 1200 3433 Ve-

122 3449 636 3518 166666666661636666611661661
686 3466 735 3503 nus
758 3451 835 3518 neilig
864 3465 928 3503 war:
958 3451 1012 3516 vgl.
1037 3450 1112 3517 Verg.
1141 3449 1199 3503 buc.

122 3517 178 3570 dies
190 3517 291 3570 llerlmr
303 3518 415 3580 [Hermes
432 3514 636 3586 ψυχοπομπός).
687 3523 712 3585 1,
722 3523 752 3572 61
764 3535 796 3572 s:
816 3519 926 3586 populus
936 3518 1038 3571 Alcidae
1048 3518 1201 3585 gratissima,

158 3588 199 3639 59.
217 3586 276 3652 Vgl.
299 3585 346 3636 mit
367 3586 449 3638 dieser
470 3586 636 3652 Schilderung
687 3588 747 3639 vitis
764 3588 867 3651 laccho,
892 3587 1017 3640 formosae
1035 3592 1134 3655 myrtus
1152 3585 1200 3637 Ve-

123 3654 200 3707 Ver.
223 3653 285 3706 den.
310 3656 339 3719 6,
357 3657 407 3708 638
423 3670 469 3715 ss.;
492 3658 521 3718 6,
540 3656 589 3706 tto
602 3669 637 3706 ss.
688 3656 750 3716 neri,
768 3670 814 3707 sua
833 3655 917 3707 laurea
936 3655 1048 3710 Phoebo.

123 3670 246 3774 souillers
268 3721 361 3773 erden
381 3723 445 3788 Weg
466 3723 506 3774 ins
523 3721 637 3789 Elysium
722 3727 798 3777 6166.
820 3722 987 3792 Schilderuug
1004 3723 1048 3776 des
1066 3722 1198 3781 Tartarum

124 3788 177 3842 und
194 3790 221 3842 in
241 3789 290 3841 den
300 3787 433 3843 Tartarus:
451 3790 492 3841 hic
504 3789 575 3842 loon
589 3794 636 3854 est,
688 3791 809 3857 beachte,
836 3792 885 3845 wie
912 3791 954 3844 die
978 3790 1108 3843 einzelnen
1132 3788 1202 3857 nge
