2580 4402
453 245 589 300 caruem
607 245 706 299 onan.
725 247 757 297 ου
775 245 829 312 (ca)
1136 238 1175 300 37

105 411 179 482 Quis
202 414 270 475 dum
294 417 403 496 aliquid
426 419 551 497 cupiens
573 416 688 478 animus
710 417 870 495 praegestit
891 416 994 495 apisci,
1016 446 1020 454 ·
1135 426 1179 476 115

104 495 152 557 Nil
175 508 312 562 metuunt
332 501 440 577 iurare,
464 501 537 563 nihil
560 500 731 580 promittere
753 509 894 579 parcunt:

105 581 164 643 Sed
187 584 274 644 simul
297 605 331 647 ac
355 586 609 666 cupidaementis
631 585 731 647 satiata
754 585 845 646 libido
868 594 922 660 est,

105 666 188 727 Dicta
212 669 286 730 nihil
308 679 449 744 metuere,
474 671 548 732 nihil
571 670 702 750 periuria
724 676 839 731 curant.

106 751 193 812 Certe
217 771 271 831 ego
294 764 322 816 te
344 757 376 816 in
398 755 495 817 medio
518 764 682 817 versantem
705 754 824 815 turbine
846 754 897 816 leti

106 836 229 915 Eripui‚
253 847 282 900 et
303 840 403 918 potius
427 858 599 919 germanum
621 839 755 901 amittere
779 838 866 912 crevi,

107 920 201 991 Quam
225 923 278 984 tibi
300 924 394 987 laliaci
417 943 556 1005 supremo
580 925 611 985 in
635 932 769 1003 tempore
792 923 915 985 dessem.

106 1004 165 1065 Pro
188 1024 247 1084 quo
272 1008 457 1070 dilaceranda
478 1010 549 1070 seris
572 1009 663 1070 dabor
685 1008 862 1089 alitibusque

106 1089 228 1167 Praeda,
254 1112 350 1173 neque
373 1095 481 1156 iniecta
502 1094 671 1156 tumulabor
692 1105 809 1155 mortua
830 1102 918 1155 terra.

107 1175 258 1246 Quaenam
281 1186 310 1239 te
333 1179 437 1256 genuit
459 1179 521 1240 sola
543 1178 598 1241 sub
621 1197 697 1258 rupe
720 1178 832 1252 leaena,

107 1259 194 1330 Quod
216 1280 296 1323 mare
320 1273 499 1343 conceptum
522 1262 728 1344 spumantibus
752 1264 853 1342 expuit
875 1262 972 1334 undis,
1142 1271 1185 1321 115

107 1344 190 1415 Quae
212 1347 316 1426 Syrtis,
335 1366 415 1427 quae
438 1349 533 1429 Scylla
556 1366 655 1428 rapax,
678 1366 753 1426 quae
775 1355 853 1408 vasta
877 1344 1047 1425 Charybdis,

108 1428 189 1492 Talia
211 1432 263 1510 qui
284 1434 384 1494 reddis
407 1450 461 1511 pro
485 1432 565 1493 dulci
587 1434 717 1511 praemia
739 1429 817 1492 vitai

108 1514 140 1574 Si
162 1515 214 1577 tibi
238 1535 299 1577 non
323 1517 405 1578 cordi
427 1518 546 1578 luerent
568 1516 697 1577 conubia
724 1523 834 1590 nostra,

110 1601 200 1662 Saeva
223 1602 302 1680 quod
325 1600 469 1664 horrebas
491 1601 583 1681 prisci
606 1611 762 1680 praecepta
785 1601 926 1680 parentis,

110 1688 266 1746 Attamen
289 1687 319 1747 in
343 1695 454 1748 vestras
476 1685 600 1766 potuisti
623 1687 731 1747 ducere
756 1684 852 1758 sedes,
925 1705 928 1710 ’

109 1770 191 1841 Quae
213 1769 267 1831 tibi
290 1771 418 1831 iocundo
440 1772 601 1833 famularer
622 1789 704 1832 serva
727 1769 827 1831 labore

109 1853 238 1915 Candida
259 1856 448 1934 permulcens
470 1855 591 1936 liquidis
614 1854 733 1932 vestigia
755 1854 883 1934 lymphis

109 1938 300 2019 Purpureave
322 1949 407 2001 tuum
431 1949 627 2003 consternens
650 1949 729 2000 veste
754 1938 860 1999 cubile.

109 2024 167 2085 Sed
191 2024 261 2102 quid
285 2043 339 2103 ego
362 2026 473 2102 ignaris
496 2026 694 2105 nequicquam
718 2041 894 2103 conquerar·
907 2023 995 2099 auris,

109 2108 266 2171 Externata
289 2110 376 2184 malo,
400 2129 475 2189 quae
498 2110 589 2172 nullis
612 2109 749 2171 sensibus
772 2116 874 2170 auctae
1125 2118 1188 2168 105

148 2279 202 2327 150.
222 2277 391 2341 germanum]
415 2275 465 2327 den
488 2275 624 2340 Minotaur,

109 2343 165 2395 eine
183 2342 337 2409 lllissgeburt
354 2344 399 2395 der
416 2342 550 2411 Pasiphae.

147 2415 204 2464 151,
223 2410 313 2482 quom]
332 2411 383 2477 vgl.
403 2427 434 2462 zu
452 2428 477 2463 v.
497 2414 537 2464 82.

143 2479 249 2541 fallaci]
270 2478 435 2546 proleptisch.

143 2562 266 2613 supremo
276 2550 304 2598 io
319 2548 445 2613 tompore]
464 2546 514 2597 wie
523 2562 548 2600 v,
562 2549 623 2598 169:

109 2619 222 2666 extremo
240 2618 367 2681 tempore:
391 2615 418 2665 in
441 2613 486 2666 der
503 2614 558 2665 Zeit
580 2613 624 2666 der

109 2683 253 2734 dussersten
271 2682 364 2735 Gelahr
381 2681 432 2734 und
450 2681 528 2734 Noth.

146 2753 202 2802 153.
221 2749 333 2818 iniecto]
357 2751 408 2802 alte
425 2751 499 2802 l'orm
523 2750 563 2801 fiir
586 2751 624 2800 in-

108 2818 184 2869 iecta.
219 2818 264 2870 bie
282 2817 354 2871 Seele
373 2819 442 2870 eines
466 2818 624 2870 unbestatte-

109 2893 152 2937 ten
176 2885 276 2937 'lodlen
302 2891 399 2938 musste
424 2901 464 2937 am
492 2885 553 2938 Uler
580 2886 624 2937 der

110 2951 175 3020 Styx
192 2953 347 3006 umberirren
365 2953 418 3006 und
439 2953 535 3006 konnte
554 2952 624 3006 nicht

109 3036 154 3071 zur
164 3021 236 3073 Rube
246 3021 379 3088 gelangen.
404 3021 460 3088 Vgl.
472 3021 549 3088 Verg.
560 3024 623 3073 Aen.

110 3093 134 3152 6,
152 3091 200 3141 327
212 3104 260 3141 ss:
280 3105 326 3141 nec
344 3090 411 3157 ripas
429 3090 504 3141 datur
520 3090 624 3142 borren-

110 3157 155 3208 das
179 3160 204 3208 et
228 3171 304 3208 rauca
328 3158 422 3209 fluenta
452 3162 624 3224 transportare

109 3225 187 3291 prius,
205 3240 281 3292 quam
299 3225 402 3278 sedibus
420 3240 479 3279 ossa
497 3225 625 3291 quierunt.

109 3294 215 3344 Centum
242 3298 325 3345 errant
358 3309 438 3346 annos
464 3293 625 3360 volitantque

108 3361 172 3413 haec
186 3361 260 3413 litora
271 3362 363 3414 circum
374 3381 381 3430 3
399 3369 453 3414 tum
465 3361 566 3414 demum
581 3361 625 3412 ad-

108 3429 179 3479 missi
196 3434 286 3496 stagna
298 3434 417 3496 exoptata
432 3431 555 3493 revisunt,
572 3427 625 3481 und

108 3496 136 3546 ll.
156 3499 304 3556 23‚71ss.:
329 3498 417 3548 θάπτε
437 3514 473 3565 με
499 3492 560 3547 ὅττι
578 3492 624 3547 τά·

104 3579 200 3632 χιστα,
227 3564 312 3619 πύλας
326 3559 416 3615 Ἀίδαο
440 3581 472 3616 πε
492 3563 550 3625 η’σω
569 3562 624 3615 κτλ.

109 3660 143 3670 —-
160 3631 206 3684 Die
216 3630 419 3688 Stelle'jerinnert
434 3581 555 3716 anbopb.
566 3633 624 3685 Ant.

110 3702 186 3752 aas:
211 3696 259 3750 ἐᾶν
284 3697 311 3750 δ’
338 3696 473 3750 ἄκλαυτον
498 3715 621 3767 αταφον,

110 3764 219 3850 ολυνοῖς
226 3765 327 3852 γλυκὺν
340 3764 485 3837 θησαυρὸν
494 3764 624 3835 εἰσορῶσι

108 3841 518 3970 neglig?‘biboogblneiuplatz
545 3903 622 3955 rdrni-

675 2273 749 2325 soher
767 2273 870 2339 Poesie‚
892 2272 937 2325 der
957 2273 1023 2326 auch
1047 2275 1087 2326 bei
1105 2275 1188 2327 Catuli

674 2340 857 2401 wiederkebrt;
867 2342 919 2408 vgl.
931 2357 953 2393 c.
963 2345 1004 2409 00,
1017 2346 1083 2396 iss:
1093 2359 1152 2395 num
1162 2348 1189 2395 te

674 2409 763 2461 leoena
772 2409 1094 2477 montibusLibystinisaut
1102 2409 1189 2478 Scylla

673 2477 769 2529 latrans
786 2477 876 2529 infima·
897 2478 1028 2543 inguinum
1046 2482 1188 2544 parietem

675 2551 760 2596 mente
786 2545 848 2596 dura
871 2547 1034 2611 procreavit?
1058 2545 1190 2598 Theokrit.

676 2616 778 2678 3‚15s.:
790 2608 898 2667 λεαίνας
905 2611 995 2681 μαζὸν
1004 2612 1126 2676 ἐθήλαζε.
1147 2617 1189 2680 23,

677 2684 721 2734 19:
739 2682 823 2736 κακᾶς
832 2675 999 2800 ἅνάθρεμίαα
1008 2681 1122 2738 λεαίνας.
1140 2682 1206 2735 Eu·
1287 2709 1289 2714 v

674 2750 723 2816 rip.
742 2747 807 2801 Med.
824 2752 934 2811 talasa
967 2748 1070 2809 έαοναν,
1092 2744 1124 2801 οὗ
1140 2768 1187 2817 γυ-

674 2819 770 2898 ναῖκα,
804 2819 851 2900 τῇς
879 2817 1046 2884 Τυρσηνίδος
1071 2814 1189 2881 Σκύλλης

674 2899 792 2954 εχουσαν
811 2887 984 2953 αγριωτὲραν
1003 2885 1098 2954 φύσιν.

712 2958 768 3007 155.
788 2953 822 3005 So
841 2954 934 3007 bereits
953 2955 994 3007 bei
1006 2952 1137 3007 Homerll.
1149 2957 1192 3019 16,

674 3025 751 3075 33s.:
771 3017 819 3072 οὐκ
837 3020 891 3087 ἄρα
918 3021 963 3072 σοί
988 3039 1020 3088 γε
1042 3019 1132 3088 πατὴρ
1154 3010 1190 3084 ἦν

676 3087 777 3141 ἱππότα
787 3087 896 3152 Πηλεύς,
914 3083 978 3140 οὐδὲ
988 3088 1067 3145 Θέτις
1082 3084 1189 3160 μήτηρ·

674 3154 774 3225 γλαυκὴ
790 3154 820 3207 ds'
833 3171 862 3207 σε
873 3155 946 3207 τίκτε
959 3153 1096 3209 θάλασσα.
1110 3158 1186 3224 Verg.

674 3227 737 3277 Aen.
747 3227 773 3286 4,
783 3227 831 3276 365
842 3238 890 3276 ss:
908 3239 955 3277 nec
965 3224 1011 3276 tibi
1020 3225 1078 3277 dive
1088 3241 1188 3294 parens,
1283 3230 1288 3240 '

675 3292 1189 3427 1111110001110111111

675 3398 779 3479 horr'ens
792 3427 928 3493 Caucasus,
946 3429 1128 3496 Hyrcanaeque
1146 3430 1189 3481 ad-

675 3501 778 3547 morunt
795 3495 872 3548 ubera
889 3497 977 3564 tigres.

712 3565 768 3616 150.
786 3565 919 3631 parentis]
938 3564 984 3616 des
1001 3566 1112 3632 Aegeus.

712 3635 759 3684 160
769 3646 803 3684 ss.
823 3632 896 3685 Aucb
914 3632 996 3685 dieser
1008 3633 1128 3686 Gedanlse
1140 3631 1188 3683 iin-

675 3699 719 3752 det
737 3699 791 3752 sicb
802 3700 953 3753 wiederholl
970 3701 1011 3754 bei
1028 3700 1124 3768 griecb.
1137 3699 1189 3751 und

675 3770 736 3819 rom.
747 3767 877 3829 lliohlerm
895 3773 981 3822 auersi
997 3770 1023 3820 ll.
1035 3773 1059 3833 3,
1069 3771 1133 3821 40οε
1152 3763 1189 3822 εἰς

675 3832 737 3887 ὅκέ
755 3829 783 3885 o'
804 3833 820 3898 ἢ
846 3832 947 3906 ἄλοχον
968 3833 1113 3900 ποιήσεται
1139 3829 1154 3897 ἢ
1175 3829 1189 3885 ὅ

674 3919 706 3971 γε
724 3899 831 3967 δούλην.
