2580 4402
108 195 148 258 28
352 199 488 252 chrum
505 199 603 252 unuh.
624 203 654 253 18
674 202 714 264 (at
729 203 756 251 et
767 199 819 264 ⁸15).
841 199 871 250 19
888 200 941 262 (76)

108 370 192 433 Nulla
214 372 287 433 tides
311 372 394 432 nulio
417 371 472 432 fuit
495 389 625 448 uuquam
648 370 768 432 foedere
790 381 883 444 tanta,-

151 454 266 526 Quanta
288 456 319 516 in
343 474 443 518 amore
465 464 516 517 tuc
540 474 575 516 ex
601 464 684 535 parte
705 463 822 534 reperta
843 473 908 516 mea
931 463 986 516 est.

109 541 195 600 Nunc
218 550 262 602 est
284 559 368 602 mens
391 540 516 602 deducta
538 547 603 615 tua,
626 558 690 601 mea
712 539 834 616 Lesbia,
857 539 953 619 culpa,
1172 546 1187 596 5

152 626 248 703 Atque
269 626 308 687 ita
330 645 362 687 se
384 624 481 686 officio
503 624 631 705 perdidit
652 624 716 705 ipsa
737 642 802 699 suo,

109 707 145 770 Ut
168 711 224 770 iam
248 728 303 772 nec
325 711 402 772 benc
423 710 495 771 velle
518 718 606 788 queat
627 709 691 785 tihi,
714 709 739 771 si
762 709 872 788 optima
893 709 956 783 fias,

152 793 212 855 Nec
234 795 375 856 desistere
397 813 504 869 amare,
527 795 625 855 omnia
647 795 672 856 si
694 794 791 856 iacias.

502 1079 789 1155 mmmm

111 1198 202 1276 Siqua
224 1198 392 1259 recordanti
413 1197 566 1260 benefacta
589 1199 688 1278 priora
711 1198 845 1277 voluptas

153 1282 205 1342 Est
226 1281 354 1357 homini,
378 1301 445 1344 cum
469 1302 501 1344 se
523 1284 632 1361 cogitat
654 1301 719 1344 esse
741 1284 834 1362 pium,

109 1368 171 1428 Nec
193 1373 322 1426 sanctam
346 1366 469 1429 violasse
490 1368 594 1439 fidem,
617 1387 673 1430 nec
695 1368 813 1429 foedere
837 1367 867 1427 in
889 1364 950 1427 ullo

152 1451 257 1512 Divum
280 1452 316 1512 ad
339 1452 481 1514 fallendos
504 1453 627 1514 numine
650 1454 774 1515 abusum
797 1451 942 1526 homines,

110 1536 200 1598 Multa
223 1544 323 1614 parata
346 1545 466 1598 manent
488 1537 519 1597 in
542 1537 630 1616 longa
652 1545 755 1612 aetate,
779 1536 900 1611 Catulle,
1173 1545 1189 1595 5

154 1621 197 1681 Ex
218 1621 276 1680 hcc
298 1622 413 1699 ingrato
437 1621 540 1699 gaudia
563 1639 662 1682 amore
684 1621 747 1682 cibi.

110 1706 182 1766 Nam
206 1722 408 1785 quaecumque
431 1705 566 1767 homines
586 1704 664 1766 bene
687 1706 824 1785 cuiquam
847 1712 897 1766 aut
921 1703 1017 1766 dicere
1039 1715 1171 1784 possunt

156 1790 214 1849 hut
235 1790 346 1863 facere,
369 1790 441 1850 haec
462 1808 478 1850 a
500 1798 530 1851 te
552 1789 689 1869 dictaque
712 1790 845 1869 iactaque
868 1798 947 1863 sunt,

112 1873 217 1934 Omnia
241 1892 316 1952 quae
339 1873 471 1952 ingratae
493 1874 649 1953 perierunt
671 1875 780 1937 credita
802 1874 904 1935 menti.

154 1957 251 2029 Quare
274 1958 331 2019 iam
354 1969 383 2020 te
406 1977 460 2019 cur
481 1959 607 2038 amplius
630 1957 804 2022 excrucies?
1159 1970 1190 2020 10

111 2043 189 2115 Quin
212 2052 244 2104 tu
267 2043 365 2105 auimo
389 2043 515 2106 affirmas
538 2052 627 2123 teque
649 2044 738 2105 istinc
759 2053 788 2106 te
811 2044 875 2122 ipse
897 2043 1024 2117 reducis,

154 2127 190 2188 Et
214 2127 258 2189 dis
281 2127 380 2195 invitis
403 2129 513 2190 desinis
536 2148 601 2190 esse
623 2127 735 2190 miseri

110 2212 236 2273 Difficile
259 2220 304 2273 est
325 2213 447 2291 lengum
471 2213 568 2275 subito
592 2213 741 2292 deponere
764 2230 904 2275 amarem.

155 2295 279 2358 Difficile
303 2305 361 2371 est,
384 2314 486 2358 verum
508 2299 566 2359 hcc
589 2316 646 2379 qua
668 2298 751 2360 lubet
774 2298 897 2359 efficias:
979 2364 984 2373 ,

113 2381 176 2443 Una
200 2380 278 2443 salus
301 2382 373 2443 haec
395 2384 528 2458 est,‚hcc
551 2383 670 2444 esttibi
693 2383 940 2465 pervincendum:
1160 2393 1188 2442 15

156 2465 219 2527 Hoc
242 2467 340 2541 faciae,
364 2467 424 2528 sive
446 2467 475 2528 id
499 2486 560 2528 non
582 2477 653 2547 pote
675 2469 736 2530 sive
759 2476 838 2548 pote.

113 2552 137 2611 Ο
162 2552 206 2624 di,
230 2552 254 2612 si
277 2560 406 2614 vestrum
431 2560 475 2613 est
497 2552 647 2628 misereri,
670 2562 721 2615 aut
743 2554 767 2613 si
791 2551 900 2631 quibus
923 2568 1061 2629 umquam

155 2634 291 2695 Extrema
314 2636 370 2696 iam
394 2637 457 2714 ipsa
482 2637 512 2698 in
536 2645 631 2699 morte
653 2638 761 2699 tulistis
784 2653 881 2717 opem,

111 2719 158 2779 Me
180 2719 320 2779 miserum
344 2720 465 2798 aspicite
488 2729 532 2796 et,
555 2723 580 2782 si
602 2722 689 2783 vitam
712 2721 826 2800 puriter
848 2718 904 2798 egi,

155 2802 267 2883 Eripite
289 2803 365 2863 hanc
387 2811 501 2882 pestem
523 2806 746 2884 perniciemque
767 2803 857 2878 mihi3
1155 2817 1187 2868 20

146 2972 169 3022 3.
194 2967 305 3021 Beachte
335 2968 376 3021 die
398 2968 520 3036 dcppelte
542 2968 624 3037 Nega·
675 2970 745 3035 sein,
767 2969 806 3020 ihr
838 2971 902 3020 stets
927 2970 982 3018 treu
1009 2982 1130 3033 genesen
1157 2987 1189 3024 zu

111 3038 179 3095 ti0n3
198 3036 300 3089 ihulich
310 3035 365 3090 Tib.
376 3037 419 3101 IV,
429 3040 491 3101 7‚8=
511 3053 543 3090 ue
555 3037 625 3102 legat
675 3038 738 3090 sein.
873 3052 877 3057 ·

111 3105 136 3156 id
155 3119 230 3157 nemo
248 3119 323 3171 quam
341 3111 498 3166 incusante,
515 3105 600 3159 velim.
713 3107 752 3158 11.
771 3106 858 3166 istinc]
881 3117 931 3154 ven
956 3101 1051 3156 diesem
1070 3104 1189 3157 verderh-

146 3177 169 3224 4.
187 3177 217 3221 in
236 3187 326 3222 amore
339 3173 396 3240 tuo]
414 3174 440 3225 in
453 3173 497 3225 der
506 3173 582 3226 hiebe
595 3189 626 3225 au
675 3173 759 3226 lichen
777 3170 944 3222 Verhdltniss.

112 3239 163 3301 dir;
186 3238 239 3306 vgi.
257 3254 280 3293 c.
299 3242 341 3305 64,
359 3244 422 3294 253:
445 3247 471 3293 te
493 3256 626 3310 quaereus,
713 3243 753 3293 12.
772 3240 813 3289 dia
827 3237 928 3305 inuitis]
947 3237 1188 3291 dadieGdtterdei-

112 3307 229 3370 Ariadna,
247 3310 343 3374 tuoque
360 3309 479 3362 incensus
497 3324 590 3362 amere.
677 3323 722 3360 ner
739 3307 815 3358 Liehe
832 3305 902 3358 nicht
920 3308 1024 3372 genstig
1041 3305 1106 3358 sind.

145 3373 226 3428 XIX.
243 3373 326 3426 Burch
336 3375 377 3426 die
385 3377 497 3429 Untreue
512 3377 557 3428 der
567 3378 626 3428 Les·
711 3378 752 3428 20.
768 3380 868 3442 partam
889 3377 1095 3440 perniciemque]
1121 3373 1187 3423 allit-

113 3443 153 3493 hia
176 3441 243 3493 tdhlt
264 3442 318 3494 sich
341 3443 386 3496 der
403 3443 505 3496 Dichter
525 3444 626 3496 endiieh
676 3440 1188 3509 terierend‚wiecitinsprichwdrtliehen

111 3511 253 3574 bewcgen,
287 3509 355 3574 sich,
383 3527 459 3563 wenn
485 3513 549 3564 auch
579 3512 626 3563 mit
675 3510 800 3573 Formeln,
819 3526 848 3562 sc
865 3511 955 3562 leniter
972 3516 998 3562 et
1014 3510 1104 3562 leviter
1116 3526 1136 3562 e.
1147 3512 1188 3572 84,

113 3576 251 3630 sehwcrem
269 3575 379 3641 Heraea,
405 3594 456 3630 von
480 3578 519 3630 ihr
542 3578 625 3630 lcsru·
677 3583 707 3646 83
725 3579 804 3630 multa
822 3578 889 3629 milia
902 3594 926 3629 u.
940 3592 963 3630 a.
973 3578 1041 3629 ierus
1051 3583 1076 3628 et
1092 3577 1188 3629 ferreus

112 3645 215 3697 reissen.
252 3643 306 3694 Wir
328 3645 415 3696 fr'ihlen
438 3645 512 3698 dahei
536 3645 624 3709 durch,
676 3647 732 3698 Tib.
750 3647 793 3698 Nr.
812 3646 841 3712 11,
860 3648 887 3707 23
913 3646 976 3697 bene
995 3659 1024 3696 ac
1042 3646 1115 3697 beate
1134 3645 1188 3697 Cat.

112 3713 172 3765 dass
190 3712 231 3764 die
247 3711 324 3762 Liebe
346 3717 411 3763 trctz
433 3712 539 3766 uliedern
559 3712 624 3764 noch
677 3714 770 3779 Nr.Vi,
782 3716 822 3766 10.
849 3712 973 3765 hehnlich
984 3712 1018 3762 im
1027 3711 1187 3764 Deutsehen:

114 3781 184 3832 nicht
201 3780 227 3830 in
245 3779 297 3830 ihrn
315 3779 447 3833 erlcschen
464 3781 506 3832 ist.
545 3780 623 3832 Einen
675 3781 751 3833 Manu
775 3780 827 3832 und
850 3781 936 3846 Maus,
960 3779 1030 3830 Thiir
1050 3779 1101 3831 und
1120 3779 1189 3832 Ther

114 3848 190 3900 Trcst
206 3846 287 3899 findet
296 3861 322 3898 er
331 3863 378 3899 nur
386 3849 413 3899 in
428 3848 485 3902 dern
494 3848 625 3902 Bewusst·
676 3865 701 3900 u.
719 3864 740 3901 s.
760 3865 792 3901 w.
